2888 5168
387 665 472 732 ope,
492 657 578 716 totos
597 639 760 718 terebelli
777 640 955 712 ministeriis
969 639 1118 720 madent,
1134 649 1167 704 et
1182 637 1310 706 edm

385 761 511 834 nume
537 763 665 848 gradum
691 761 905 842 contendunt,
936 757 995 842 qui
1019 757 1099 842 ipsis
1127 773 1216 839 agros
1240 753 1311 821 sibi

385 879 564 966 acquirendi
591 877 858 965 opportunitatem
881 878 1042 961 praebente
1076 874 1139 958 qod
1166 892 1221 956 spe
1237 888 1313 940 sese

386 997 542 1066 nutriunt.
594 995 678 1064 Hinc
714 995 771 1077 fit,
817 1009 853 1061 nr
888 995 985 1062 hodie
1010 990 1129 1058 ‘minati
1163 990 1316 1056 Franciae

388 1111 496 1200 (genti
523 1111 646 1180 d'arme
682 1107 850 1192 Franeesr')
880 1109 1017 1176 omnium
1051 1105 1163 1188 optimi
1198 1106 1318 1174 milites

387 1227 465 1297 rint.
509 1228 625 1298 Cuncti
645 1228 724 1297 enim
745 1225 869 1292 nobiles
890 1240 966 1291 sunt
984 1221 1204 1308 nobiliumque
1226 1223 1316 1308 filii,
1428 1283 1429 1314 ἕ

387 1344 444 1426 qui
459 1346 497 1416 ad
517 1357 670 1426 paternam
690 1343 867 1428 dignitatem
887 1329 1121 1408 contendunt.’'
1274 1409 1278 1417 ,

428 1456 563 1544 Reliqua
601 1459 714 1543 pariter
751 1457 887 1527 auctoris
922 1457 1062 1542 peritiam
1102 1469 1144 1540 vet
1180 1473 1317 1526 acumen

386 1573 544 1660 prudente
565 1575 715 1658 equibus
732 1575 784 1644 illa
802 1587 924 1643 tentum
947 1575 1007 1641 hoc
1027 1577 1100 1641 loco
1123 1555 1317 1657 afferemus,

389 1709 470 1774 quae
494 1692 534 1759 de
564 1691 729 1760 Gallorum
760 1693 865 1760 indole
892 1707 1054 1759 memorat.
1095 1691 1204 1757 Locus
1232 1689 1322 1768 enim

389 1805 442 1878 hic
472 1825 532 1876 nos
560 1809 674 1890 docet,
708 1810 950 1878 Machiavellum
976 1810 1015 1873 de
1043 1808 1103 1872 ista
1120 1819 1211 1887 gente
1231 1797 1321 1876 haud

389 1923 478 1994 aliter
492 1925 669 2008 iudicasse,
690 1939 786 2005 atque
806 1926 891 1990 omni
907 1943 988 1989 aevo
1004 1921 1239 2005 prudentissimi
1255 1922 1322 1988 viri

389 2035 545 2106 iecerunt.
589 2039 770 2121 „Praesens
799 2039 920 2106 lucrum
941 2051 974 2106 et
994 2040 1163 2120 damnum,
1187 2031 1322 2123 inquit,

391 2152 436 2224 ita
460 2154 646 2239 aestimant,
688 2173 725 2224 ut
753 2133 918 2242 praeterita
951 2156 1099 2222 beneficia
1127 2171 1160 2224 et
1190 2158 1324 2242 injurias

390 2271 722 2352 commimscuntur,
745 2291 802 2338 nec
823 2272 964 2338 futurum
989 2273 1106 2338 bonum
1126 2287 1181 2340 aut
1206 2277 1324 2340 malum

390 2387 523 2456 multum
539 2401 660 2454 curent.
688 2388 847 2454 Liberales
867 2404 961 2455 sunt:
984 2383 1040 2453 sed
1060 2391 1165 2456 verbis
1183 2404 1321 2458 tantum.

392 2501 533 2575 Adversa
562 2499 690 2570 fortuna
726 2521 782 2570 eos
818 2505 1035 2586 humillimos,
1070 2523 1220 2590 prospere
1261 2505 1324 2573 irn-

392 2634 548 2706 portunos
572 2620 685 2692 reddit.
729 2622 812 2689 Veni
833 2637 910 2688 sunt
931 2640 963 2688 et
983 2625 1080 2690 leves.
1124 2624 1230 2690 Fidem
1254 2643 1325 2690 set·

392 2751 493 2816 rant,
513 2754 550 2806 ut
574 2737 786 2808 avictoribns
813 2743 991 2822 exspectare
1016 2743 1100 2809 licet.
1142 2743 1180 2807 ln
1213 2742 1323 2810 multis

313 2946 316 2954 ,
393 2853 488 2920 rebus
510 2857 640 2922 honoris
662 2875 784 2922 causam
808 2856 1048 2940 parvifaciunt:
1080 2861 1144 2940 qod
1171 2857 1204 2923 in
1225 2857 1325 2924 cause

394 2965 434 3036 ab
468 2967 575 3034 Italics
605 2969 767 3038 nobilitate
792 2973 971 3053 plurimum
1011 2973 1169 3039 differunt.
1211 2973 1324 3052 Hinc,
1430 3007 1431 3068 3

394 3100 466 3156 turn
488 3101 506 3147 a
532 3083 675 3164 Sienensi
697 3085 823 3154 civitate
850 3089 1001 3172 oppidum
1028 3089 1170 3154 Mentem
1197 3083 1325 3152 Poleie·

397 3218 474 3270 num
496 3199 732 3283 vindicassent,
749 3203 891 3286 nihilque
902 3205 1139 3288 impetrassent,
1159 3204 1327 3286 tranquilli

396 3335 588 3390 mansemnt.
632 3319 846 3391 Romanorum
868 3335 900 3390 et
923 3321 1059 3404 linguam
1087 3335 1119 3388 et
1142 3321 1271 3406 gloriam
1289 3321 1326 3388 in
1430 3297 1431 3350 ³

396 3431 471 3502 odio
491 3434 606 3516 lrabem
626 3438 723 3520 (r).”

394 3617 399 3626 ,
437 3549 539 3618 Semel
569 3566 688 3620 tantum
713 3557 791 3641 (A0.
825 3555 928 3640 1⁵07)
955 3557 1044 3639 apud
1073 3509 1325 3622 membrum
1400 3530 1403 3536 Δ

395 3663 618 3750 Imperatorem
634 3669 817 3754 legationem
829 3671 1076 3742 administrarit:
1094 3685 1162 3750 qno
1175 3681 1326 3752 ‘numm

395 3957 403 3974 ·
434 3925 1100 4108 (zamenmmmmm
1122 3903 1326 4032 opstant

394 4045 429 4114 D·
496 4057 592 4122 *τῇ
798 4063 825 4102 ;.
966 4058 969 4068 ·
1121 4056 1129 4090 ι’
1178 4041 1238 4088 ··”
1300 4061 1318 4098 s
