2888 5168
493 540 668 624 μσς..

112 718 168 786 lrae
187 717 283 787 nobis
297 715 415 803 Julium
435 717 466 786 11
490 721 644 789 desiderio
663 722 822 792 incensum
849 739 899 791 ms
920 709 1045 796 Romal

104 835 295 904 niae'urbes
325 833 456 919 imperio
488 855 548 903 suo
579 837 789 924 subjiciendi,
820 857 899 924 quae
926 831 1039 926 partim

104 951 242 1034 Bongiae
272 951 378 1017 fideles
415 967 611 1036 manserant,
654 955 766 1039 partim
802 974 870 1023 sese
907 957 1038 1026 Venetia

105 1068 308 1135 tradiderant:
332 1051 427 1154 hujus
448 1069 583 1136 civitatis
602 1071 820 1155 prudentiam,
843 1091 944 1155 quae,
964 1072 1040 1142 dum

104 1184 277 1250 mraximum'
293 1185 438 1270 gaudium
460 1187 498 1251 de
529 1204 615 1255 sacta
638 1175 795 1271 ¹dignitate
821 1189 854 1255 in
882 1185 1039 1274 Jullmum

102 1279 257 1368 eouoca'to
285 1319 362 1384 pree
394 1321 429 1368 se
466 1301 582 1385 ferret,
615 1323 821 1390 quaecunque
847 1318 958 1390 posset
980 1323 1040 1390 op-

11 1489 13 1500 ,
103 1416 178 1502 pida
199 1416 231 1483 in
252 1419 357 1485 eadem
380 1423 461 1486 terri
482 1421 575 1486 armis
598 1421 659 1488 sibi
686 1421 877 1491 vindicaret:
910 1421 1038 1490 simule-

100 1534 411 1619 tanquel’ontificis
434 1537 703 1620 moderationem,
731 1543 794 1622 qud
813 1541 961 1608 adversus
980 1537 1037 1608 eos'

101 1667 183 1719 usus
201 1667 269 1734 est,
294 1653 327 1718 in
346 1673 451 1736 quos,
473 1653 637 1720 Gallorum
657 1653 758 1720 armis'
773 1654 963 1737 destitutus,
980 1653 1040 1720 do-

103 1769 215 1834 minari
246 1771 329 1833 haud
358 1777 493 1850 p'oterat.
541 1771 751 1848 Deploramus
780 1766 924 1832 miseram
965 1767 1041 1833 Flo·

105 1863 247 1953 rentinae
269 1884 405 1949 civitatis
427 1883 658 1964 conditionem,
681 1901 777 1965 aeque
799 1881 941 1950 Caesaris
958 1882 1040 1949 Bor-¹

102 1981 170 2086 giae
198 2021 233 2068 ac
262 2001 454 2065 Venetorum
493 1997 680 2064 vicinitatem
719 1999 905 2081 metuentis,
936 1995 1038 2083 'quem

105 2118 203 2204 igitur
223 2120 371 2183 adversus
397 2115 492 2181 hosce
512 2119 611 2200 polam
634 2117 780 2202 adjuvare
801 2135 866 2185 non
886 2112 1037 2188 audebate'

102 2249 135 2304 et
174 2235 386 2300 abominamur
434 2233 640 2315 Pontificem,
690 2234 804 2300 sensim
856 2234 1039 2316 sensimque

100 2354 220 2439 abjectu
250 2350 434 2434 integritatis
465 2355 617 2435 persond‚
655 2349 863 2434 perfidiaeque
903 2353 1035 2436 sumti,

103 2490 194 2554 quam
226 2469 294 2554 ipsa
330 2453 438 2535 natura
475 2467 503 2534 ei
545 2468 735 2552 imposuisse
783 2468 970 2553 videbatur,
1005 2481 1037 2538 et

101 2587 266 2654 Caesarem
287 2585 431 2668 Borgiam
457 2585 658 2664 prodentem,
682 2598 737 2664 et,
760 2597 942 2668 opportuno
960 2601 1037 2654 tem·

104 2721 206 2788 pore,
239 2703 346 2767 odium
373 2701 405 2766 in
441 2701 581 2765 Venetos
616 2697 861 2782 patefacientem.
902 2699 1040 2768 'Machi·
1104 2771 1105 2776 ,

102 2819 222 2885 avellus
243 2819 319 2883 adeo
337 2817 415 2882 nihil
435 2812 571 2900 neglexit
591 2832 719 2896 eorum,
744 2833 824 2898 quae
845 2814 908 2901 ipsi
925 2828 1038 2883 notatu

99 2936 197 3019 ‘digna
218 2948 417 3020 apparerent,
440 2949 476 2999 ut
500 2935 570 3020 jure
590 2931 735 2999 affirmare
756 2947 888 3018 posset,
919 2951 954 3000 ea
971 2934 1037 3002 his·

103 3051 215 3120 toriam
247 3067 421 3120 contextam
455 3052 576 3120 illarum
604 3069 707 3120 rerum
743 3050 928 3134 continere,
956 3067 1037 3136 quae

101 3171 137 3238 in
163 3171 218 3238 hac
250 3173 321 3238 auli
341 3169 535 3254 agitabantur
557 3167 628 3256 (1).

147 3285 289 3351 Breviter
311 3285 354 3351 ita
379 3287 574 3369 gravissimas
604 3303 747 3366 quasque
774 3277 975 3347 Machiavelli
992 3275 1062 3348 les¹

103 3401 246 3488 gationes
269 3400 524 3463 memoravimus:
550 3417 636 3478 non,
660 3411 696 3461 ut
722 3395 843 3478 singule
863 3415 1037 3466 recensere·
1137 3389 1140 3394 ’

103 3539 199 3601 mus,
219 3533 298 3650 quae
318 3511 431 3594 nobis,
452 3518 503 3579 vel
522 3513 562 3580 ad
587 3523 758 3578 accuratam
776 3509 900 3578 illorum
915 3525 1037 3599 tempo·

541 3637 544 3648 '
625 3635 628 3644 '
854 3631 858 3640 '
965 3645 1035 3702 rum

142 3771 183 3839 (ι)
202 3769 270 3822 Cum
286 3767 338 3819 hae
355 3764 529 3823 Machiorelli
552 3764 682 3820 relatione
704 3767 822 3822 conferri
844 3766 952 3820 omnino
973 3783 1059 3840 men,

103 3865 182 3913 retur
197 3855 301 3925 Voiglii
317 3855 380 3911 Vir.
397 3855 433 3912 el.
449 3857 617 3924 periculum,
638 3857 682 3911 eni
700 3857 809 3910 titulus:
833 3857 974 3912 Stimmen
982 3875 1038 3912 erue

91 3939 179 4028 'dions
194 3946 263 3998 tiber
278 3926 512 4024 denpdistliohen
523 3949 629 4020 Hofim
635 3947 822 4020 funsuhrrlen
831 3943 1034 4000 Jalrkundert.

91 4035 277 4116 ‘Invenitur
267 4051 297 4086 m
322 4033 403 4087 Fred.
424 4036 551 4091 ursmari
577 4033 736 4136 calendario
760 4035 964 4134 hirlotieo',1'·
980 4033 1036 4094 ll·

106 4124 192 4196 mpr.
200 4123 298 4180 1853
283 4140 344 4195 pag
336 4123 493 4197 47-184.

554 4225 585 4298 E
