2890 5162
384 637 558 704 communis
593 651 687 722 opera
728 631 855 720 effecit,
895 649 959 718 ut,
1011 651 1115 718 quae,
1161 633 1315 721 probante
1421 619 1423 686 ἱ

384 753 479 821 Pont.
522 753 613 824 Max.
642 753 804 821 Clemente
831 751 915 831 Vll,
948 751 1036 835 prelo
1071 750 1209 836 subjecti
1244 749 1317 820 fue-
1423 757 1424 766 ’

386 887 456 936 runt
495 871 631 956 scripta,
685 871 774 939 Pauli
809 869 860 936 le
904 881 938 936 et
977 866 1116 936 Concilii
1157 867 1317 936 Tridenti-
1424 899 1425 952 3

386 987 420 1053 ni
465 991 650 1053 auctoritate
700 986 869 1071 impietatis
914 985 1040 1050 nomine
1090 985 1231 1050 mmnata
1282 999 1314 1049 et

387 1103 548 1185 prohibita
586 1103 673 1186 sint3
717 1117 750 1170 et
790 1121 890 1183 vero,
905 1115 971 1168 vxut
1005 1102 1045 1169 ad
1077 1115 1216 1168 nostram
1252 1121 1321 1168 me·

388 1219 518 1286 moriam
549 1220 704 1288 Nicolaus
745 1219 973 1288 Machiavcllus
1004 1219 1171 1284 sceleratus
1200 1231 1232 1285 et
1265 1217 1322 1284 de·

353 1333 358 1342 '
387 1336 541 1403 testabills
579 1335 770 1409 nefariorum
802 1337 1007 1405 consiliorum
1040 1351 1149 1402 auctor
1184 1350 1217 1402 et
1248 1354 1322 1402 sua·
1426 1325 1427 1420 J

387 1470 444 1517 sor
482 1453 520 1520 ab
561 1454 710 1523 omnibus
755 1453 823 1523 fere
867 1454 970 1521 omnis
1018 1452 1138 1536 generis
1185 1452 1321 1520 homini·

387 1569 448 1635 bus
476 1568 604 1638 habitus
626 1572 682 1639 sit.
726 1571 810 1639 Nam
836 1572 897 1638 hoc
924 1570 986 1656 ipsi
1005 1573 1075 1639 rari
1098 1568 1231 1652 quadan
1252 1585 1324 1634 sor·
1427 1647 1428 1650 Ἴ

387 1685 429 1751 tis
454 1686 619 1769 iniquitate
651 1690 778 1772 evenit,
809 1704 847 1756 ut
879 1685 913 1757 in
938 1688 1062 1774 pietatis
1094 1686 1324 1773 significatione

386 1795 550 1883 'religionis
573 1799 759 1879 ministros,
782 1803 816 1870 in
834 1805 952 1880 ingenii
977 1805 1158 1870 excellentia
1177 1800 1336 1878 philoso·
1428 1863 1429 1878 ,

387 1915 495 1999 phos,
517 1911 551 1976 in
567 1911 719 1977 libertatis
744 1925 849 1976 amore
872 1907 976 1974 civilis
1004 1909 1155 1976 libertatis
1173 1915 1322 1982 amantis

381 2032 511 2114 simos,
558 2029 593 2096 in
631 2046 703 2096 vera
738 2025 917 2112 principum
951 2026 1118 2092 commoda·
1153 2028 1322 2114 adjuvandi
1429 2117 1430 2122 ἵ

389 2140 497 2218 studii>
530 2135 617 2232 ipsos
653 2145 841 2232 principes,
867 2143 901 2212 in
930 2142 1065 2210 nominis
1094 2145 1229 2229 denique
1256 2168 1322 2214 am·
1430 2229 1431 2232 Ἴ

389 2253 553 2351 plitudine·
580 2279 682 2330 rerum
702 2261 742 2328 ab
762 2258 834 2344 ipso
863 2272 1020 2342 gestarum
1050 2257 1175 2343 ignaros
1207 2277 1320 2332 nactus
1430 2311 1431 2316 ,

388 2383 433 2450 sit
454 2380 659 2450 adversarios.

431 2499 583 2568 Universi
604 2499 699 2586 hujus
721 2509 753 2563 et
774 2495 920 2564 continui
944 2495 1010 2564 odii
1034 2514 1148 2574 causas
1170 2517 1319 2582 quaeren-
1431 2475 1432 2480 ¹

389 2607 505 2700 obus,
517 2614 621 2684 variae
637 2633 708 2681 sese
723 2614 818 2682 nobis
842 2613 999 2698 offerunt,
1023 2635 1154 2698 quarum
1173 2616 1320 2702 singulae
1432 2665 1433 2684 r

391 2725 503 2814 dignae
530 2744 630 2814 sunt,
653 2749 732 2814 quae
755 2733 963 2799 attendantur.
1007 2733 1203 2818 Quamquam
1234 2736 1318 2802 enim

386 2847 468 2928 quis
485 2856 600 2931 putet,
622 2849 813 2933 doctrinam,
843 2852 974 2934 quaein
998 2851 1080 2918 libro
1100 2851 1322 2942 delPrt'nor'po

280 3041 282 3057 Ι
392 2966 549 3047 scaturrit,
572 2983 681 3048 perse
702 2967 802 3050 ipsam
829 2969 1077 3050 consideratam,
1106 2969 1195 3033 ornrii'
1215 2969 1318 3051 boni,

389 3083 488 3169 justi,
510 3083 710 3150 humanitatis
726 3085 802 3152 adeo
826 3087 932 3152 sensui
949 3103 1140 3170 repugnare,
1161 3099 1199 3150 ut
1212 3086 1323 3153 unius·

342 3170 348 3189 ⁸
391 3203 548 3286 cuiusque
572 3201 705 3290 legentis
728 3201 970 3286 indignationem
991 3218 1107 3287 sponte
1126 3221 1185 3270 sua
1203 3211 1239 3270 et
1253 3222 1324 3272 otu-

391 3315 433 3382 ni
448 3331 591 3400 tempore
617 3337 744 3386 movere
772 3319 932 3403 debuerit,
963 3338 1029 3386 non
1054 3333 1106 3386 est
1127 3334 1232 3388 tamen
1245 3347 1262 3402 ,·
1292 3321 1320 3388 si

391 3439 524 3512 eorum,
567 3436 623 3522 qui
651 3437 859 3506 Machiavello
890 3435 1042 3503 adversati
1069 3451 1169 3514 sunt,
1202 3436 1321 3516 scripta

391 3551 617 3633 inspiciamus,
647 3569 705 3614 cur
726 3552 800 3614 huic
825 3568 934 3615 causae
955 3547 1151 3632 praecipuam
1177 3547 1210 3612 in
1236 3549 1319 3635 diju.

314 3680 316 3685 ·
391 3667 530 3734 dicandis
561 3663 700 3750 politicis
735 3666 803 3751 ejus
839 3665 1008 3749 principiis·
1034 3662 1102 3731 vim·
1128 3651 1316 3738 tribuamus.

261 3769 265 3779 ’
391 3775 591 3855 sustiterunt
616 3783 697 3849 enim
724 3782 823 3865 aliae,
864 3792 943 3865 quae
963 3781 1014 3847 vel
1038 3779 1168 3864 oprimis
1194 3787 1320 3852 morali·

390 3901 454 3972 bus
483 3901 657 3986 praeceptis
688 3895 1227 3981 commendatissinr·1ibri=,nedun
1257 3904 1319 3969 hu.

385 4014 471 4104 jus,
484 4016 591 4085 lamae·
611 4013 803 4094 offecissent.
834 4013 969 4085 ‘ilibere
991 4003 1219 4088 Maeliavellus
1246 4019 1318 4086 relii

1252 4137 1357 4220 gro.»
