2870 5160
728 491 952 537 -soo-1

363 657 458 732 liuius
486 656 621 743 regionis
643 649 767 738 wmnni
788 651 828 717 ab
852 649 1029 718 Alexandro
1046 649 1093 719 Vl
1118 652 1311 736 'exstinguee

365 791 496 858 rentur,
526 775 618 858 plena
645 782 731 837 esset
749 767 947 850 latrociniis,
968 767 1220 855 quotidianisque
1237 777 1312 836 cae-⁵

368 892 463 960 dibus
511 904 545 958 et
590 887 733 972 rapinis,
774 885 868 952 huius
907 883 953 951 rei
991 905 1098 954 causa
1128 887 1311 969 neutiquam

370 1009 406 1076 im
428 1021 537 1074 natura
561 1005 651 1088 loci,
681 1017 718 1071 ur
737 1001 862 1086 quidam
881 1001 936 1068 illo
968 1013 1109 1087 tempore
1131 1003 1305 1087 putabant,

372 1123 430 1192 sed
464 1122 558 1190 unite
587 1121 620 1187 in
650 1118 829 1204 principum
857 1117 975 1184 malitia
1005 1119 1065 1185 sira
1091 1119 1154 1203 ipsi
1187 1120 1316 1188 videba-

373 1255 439 1310 tur.
497 1239 563 1326 Qui
593 1255 744 1322 pauperes
775 1249 862 1302 eram
899 1249 931 1301 et
965 1235 1174 1323 nibilominus
1205 1240 1315 1321 splen-

373 1357 448 1425 dide
477 1370 509 1422 et
537 1352 700 1438 magnifice
730 1351 898 1435 vivebant,
922 1353 1038 1420 idcirco
1061 1353 1145 1420 omni
1168 1355 1315 1420 licentiae

373 1489 448 1542 sese
482 1471 610 1538 dabant.
663 1471 769 1553 Nam,
803 1483 839 1536 ut
869 1470 985 1553 reliqua
1021 1471 1217 1552 omitteret,
1236 1473 1321 1538 haec
1423 1554 1428 1575 1

375 1589 510 1674 insignis
529 1601 596 1656 erat
616 1587 744 1656 illorum
766 1586 906 1669 malitia,
935 1588 1044 1670 quod,
1064 1607 1137 1654 cum
1163 1591 1227 1655 lata
1240 1591 1317 1671 lege
1428 1583 1429 1600 *

378 1703 539 1792 quippiam
565 1703 691 1790 publice
714 1705 1052 1789 interdixissent,«ipsi
1083 1705 1192 1772 deinde
1222 1706 1317 1789 primi

378 1837 506 1906 essent,
529 1823 584 1905 qui
604 1824 637 1890 in
657 1823 890 1908 'promulgatam
908 1843 925 1888 a
942 1842 977 1889 se
1001 1825 1098 1904 legem
1127 1840 1314 1907 peccarem,

379 1955 418 2008 ut
436 1955 556 2006 ceteros
573 1940 607 2005 in
618 1942 745 2008 eandem
760 1941 896 2007 fraudem
919 1942 1111 2025 pellicerent.
1136 1942 1249 2024 Neque
1262 1959 1318 2008 eo·

380 2075 452 2126 rum
469 2056 584 2137 edam,
605 2055 662 2137 qui
683 2056 801 2139 aliquid
818 2056 1047 2138 deliquissent,
1067 2055 1244 2140 quempiam
1255 2075 1320 2139 pu·

381 2172 615 2256 niebant,·nisi
641 2186 725 2240 esset
751 2193 881 2258 magnus
906 2175 1031 2240 illorum
1048 2193 1217 2245 numerus:
1232 2191 1316 2242 tunc

382 2289 532 2368 demunt,
553 2305 619 2352 non
646 2287 783 2353 iustitias
806 2289 939 2355 tuendae
959 2295 1079 2373 eausa,
1102 2293 1156 2359 sed
1183 2293 1315 2375 praedae

379 2401 549 2485 cupiditate
581 2401 684 2481 moti,
726 2403 765 2468 ad
790 2404 867 2486 legis
896 2405 1064 2474 vindictam
1096 2411 1318 2494 procedebant.

382 2523 460 2610 Quo
486 2519 630 2601 factum,
652 2534 688 2586 ut
719 2519 853 2587 assiduis
880 2523 942 2590 illis
961 2526 1088 2592 mulctis
1112 2527 1243 2612 expilati·
1257 2527 1322 2593 bo·

383 2641 484 2710 mines
510 2639 549 2706 ad
569 2651 781 2722 paupertatem
801 2640 1035 2723 redigerentur:
1056 2658 1155 2727 atque
1173 2646 1243 2711 binc
1259 2645 1322 2711 im·

383 2757 574 2842 pellerentur
593 2755 632 2820 ad
653 2756 808 2822 vexandos
837 2758 940 2838 alios,
965 2759 1079 2841 quibus
1105 2759 1325 2828 existimarent
1344 2809 1347 2814 ,

271 2885 274 2898 ·
385 2889 455 2938 sese
480 2871 601 2936 viribus
637 2889 708 2935 esse
738 2874 938 2956 superiorest
975 2895 1038 2956 quo
1065 2875 1191 2958 quidem
1223 2877 1324 2944 modo

386 2985 463 3052 vitia
489 3003 553 3050 non
580 2987 841 3070 emendabantur,
868 2993 922 3054 sed
950 2990 988 3054 ad
1013 3009 1046 3054 ea
1074 2991 1326 3062 instituebantur

386 3100 542 3171 homines.
597 3101 686 3170 Haec
719 3105 823 3172 omnia
850 3123 944 3190 prava
983 3121 1182 3188 tyrannorum
1212 3107 1329 3180 effecit

353 3233 499 3308 ,natura
521 3219 594 3308 (1).

432 3339 546 3407 Exstat
567 3338 815 3424 elegantissimus
837 3339 1036 3424 Castiglionii
1057 3343 1096 3408 de
1112 3343 1225 3410 aulico
1249 3341 1328 3432 (dei

392 3453 598 3543 Gortegiano)
630 3458 773 3543 dialogus
799 3459 879 3541 (s):
920 3458 977 3542 qui
1005 3459 1038 3526 in
1062 3460 1178 3528 Urbini
1210 3462 1324 3546 ducis,

391 3574 574 3662 politissimi
603 3574 709 3644 Italiae
741 3577 916 3660 principis,
950 3578 1066 3662 palatio
1098 3576 1223 3646 babitus
1241 3597 1323 3648 *esse

1148 3731 1151 3740 .
1250 3694 1326 3762 pn.

431 3895 734 3968 (apostemata
752 3903 785 3957 C·
798 3903 911 3956 xxix.

430 3985 472 4056 (a)
492 3987 525 4042 11
539 3990 611 4042 libro
628 3992 676 4045 del
692 3995 802 4066 Gor-tegi
791 4013 856 4046 sono
874 3991 919 4044 dal
947 3988 1035 4044 Genio
1065 3989 1207 4049 ledbssol·
1225 3989 1330 4048 <Cubi-

393 4073 937 4152 quona.v01.11.rrtmonn1.sot.t
994 4129 998 4136 .
1185 4092 1204 4111 “
