2888 5168
745 505 930 570 ’,μ-4η

366 663 404 754 {n
424 662 634 732 detrectandis
661 661 859 730 Machiavelli
879 663 1008 732 dotibus
1026 675 1170 746 metuas
1189 681 1301 738 omnes

369 781 611 864 antecelluisse,
643 799 763 863 eosque
791 799 967 865 perversam
998 783 1067 867 ejus
1092 786 1236 852 moralem
1265 800 1299 854 et

373 897 531 982 politicam
560 898 730 966 doctrinam
759 911 823 966 tam
843 917 952 982 parum
976 898 1175 983 respexisse,
1195 914 1232 967 ut
1253 900 1303 966 in·
1441 971 1442 978 q

374 1016 480 1097 vidia,
524 1019 588 1100 qua
624 1015 711 1082 iilum
748 1029 942 1096 onerarunt,
984 1015 1331 1083 animadversionibusr
1441 1001 1442 1050 ³

250 1157 253 1160 ·
371 1134 475 1218 ipsius
514 1133 553 1201 de
569 1132 718 1216 corrupto
747 1133 807 1198 Dei
828 1135 937 1214 cultu,
959 1132 1062 1222 deque
1088 1132 1221 1216 pessima
1244 1132 1302 1213 vi,

290 1335 291 1340 Ἰ
374 1269 467 1334 quam
492 1249 681 1318 Pontificum
700 1248 868 1318 auctoritas
889 1248 922 1319 in
946 1249 1047 1318 totius
1071 1250 1177 1338 ltaliae
1194 1248 1305 1318 condi·

374 1365 493 1436 tionem
514 1367 664 1449 haberet,
686 1367 851 1436 tribuenda
880 1369 923 1462 sit
942 1381 1022 1438 tota.
1064 1368 1168 1455 Cujus
1191 1364 1236 1434 rei
1255 1366 1305 1434 in·

374 1483 502 1550 teraiia
520 1484 617 1550 multa
642 1483 722 1549 illud
747 1483 938 1550 documento
969 1501 1040 1552 esse
1064 1496 1195 1567 potest,
1217 1481 1306 1566 quod

375 1599 507 1684 eodem,
540 1620 605 1684 quo
637 1601 720 1670 Phil.
751 1602 881 1685 Nuam,
908 1601 985 1688 Joh.
1014 1601 1192 1681 Bodinum,
1219 1598 1306 1668 Phil.

374 1715 561 1786 Mamaeum
582 1718 744 1800 prosecuti
763 1731 867 1802 sunt,
886 1717 962 1786 odio
980 1731 1141 1786 auctorem
1156 1715 1307 1802 opusculi

374 1829 429 1902 del
453 1831 602 1909 Principe
628 1831 867 1906 implicaverunt
887 1835 960 1910 (r).

379 1993 383 2000 .
418 1939 516 2026 Quod
536 1951 639 2004 autem
668 1935 798 2006 miretur
817 1936 993 2028 quispiam,
1014 1952 1167 2008 ettamen
1185 1955 1234 2010 est
1252 1961 1308 2012 ve·

375 2077 470 2142 xum,
492 2053 583 2124 multi
603 2072 735 2136 eorum,
756 2053 812 2138 qui
837 2053 994 2122 emendata
1010 2075 1097 2123 sacra
1113 2058 1304 2144 coluerunt,

375 2193 442 2246 non
462 2173 573 2242 minori
598 2191 670 2240 cum
698 2170 804 2240 studio
827 2171 1027 2240 Machiavelli
1049 2174 1169 2256 placita·
1183 2177 1307 2262 impug-

374 2303 552 2372 naverunt,
579 2307 672 2372 quam
711 2287 851 2354 acerrimi
879 2306 988 2356 eornm
1019 2292 1197 2362 adversarii.
1239 2295 1308 2363 Ex·

370 2405 555 2496 plicandum
580 2405 643 2474 hoc
666 2419 756 2472 etex
774 2425 880 2474 cursu·
896 2405 1045 2492 videtur,
1067 2412 1168 2491 quem
1182 2411 1304 2482 Galliae

374 2525 534 2612 principes
564 2523 597 2590 in
623 2520 823 2610 gubernandi
856 2523 982 2592 civitate
1017 2540 1205 2612 tenuerunt,
1247 2531 1303 2612 qui

376 2659 500 2725 semper
525 2638 627 2708 fuerat
656 2641 811 2728 cujusque
835 2640 869 2709 in
900 2642 989 2710 Italia
1014 2620 1160 2737 tyranni,
1202 2659 1234 2714 er
1263 2665 1302 2716 ex

378 2759 496 2842 dugenti
528 2760 662 2843 ardore,
703 2778 769 2842 quo
809 2759 931 2826 civilem
964 2753 1134 2841 libertatem
1169 2763 1305 2848 amplexi

377 2887 475 2953 sunt,
497 2888 656 2955 quotquot
675 2873 851 2958 religiosam
874 2876 977 2959 adepti
994 2878 1056 2964 jam
1076 2893 1195 2947 essent.
1238 2881 1306 2948 Sci-

376 2988 450 3056 licet
469 3007 508 3056 ex
531 2989 721 3073 gravissimis
750 2989 830 3076 illis,
874 2992 990 3076 quibus
1024 3014 1181 3061 sacrorum
1214 3015 1302 3062 com-

376 3105 509 3174 mutatio
531 3123 633 3174 ansam
654 3107 818 3193 praebuit,
850 3111 1138 3192 commotionibus,
1168 3112 1232 3182 duo
1259 3114 1306 3181 ef-

376 3221 523 3291 floruisse
558 3222 703 3290 videntur
743 3241 869 3308 sectae,
913 3239 1043 3309 quarum
1083 3230 1176 3296 altera
1198 3231 1307 3318 ‚abso-

377 3337 474 3405 lutam
503 3339 580 3424 regii
608 3339 730 3424 imperii
755 3340 911 3426 formam,
951 3325 1045 3411 altera
1074 3363 1128 3412 aut
1154 3361 1306 3431 tempera·

377 3465 441 3525 ran
479 3453 573 3522 unius
612 3471 797 3543 potestatem
830 3474 884 3529 aut
919 3464 1102 3558 popularem
1143 3466 1304 3532 civitatem

520 3579 523 3586 ’
1231 3580 1304 3646 uni·

378 3695 381 3703 '
407 3685 456 3784 (ι)
474 3693 553 3748 Fecit
570 3693 625 3747 ltoe
644 3689 820 3762 Passerinus,
843 3697 873 3751 in
892 3701 1002 3757 ,iudicio
1024 3701 1058 3752 da
1075 3701 1173 3768 Nuce,
1200 3703 1305 3758 militis

380 3787 477 3862 Galli,
502 3785 566 3842 Jola·
594 3785 715 3852 Rudini,
737 3785 811 3841 Phil.
830 3791 973 3853 Momaei,
1001 3793 1027 3840 ei
1046 3789 1108 3842 Nic·
1122 3791 1306 3848 'Maciiavellt
1345 3819 1348 3831 ·

379 3874 544 3954 quibusdum
563 3875 691 3946 scri'pris,
709 3875 808 3930 Romae
826 3893 859 3929 ex
876 3873 1051 3948 typographia
1068 3875 1199 3932 Vaticana
1220 3881 1303 3951 ¹⁵9²?

297 4005 299 4012 ,
375 3967 461 4111 iungi
476 3965 705 4108 {txtmm'
733 3972 765 4022 ut
782 3967 908 4070 ridetur,
934 3967 1031 4022 nummi
1053 3965 1197 4024 Parnaso
1215 3969 1303 4023 Iuno·-

376 4071 427 4110 oeu
531 4086 541 4107 .
