2888 5168
499 551 670 618 ‘'¹3’'

122 723 216 796 taut,
245 723 389 782 accurate
409 725 593 804 persecutus
610 727 683 795 est,
715 711 875 800 mumque
896 715 963 802 ejus
986 709 1049 783 erl·

126 828 191 898 tica
218 831 340 896 ratione
369 827 557 914 illustravit,
586 829 830 898 adversariorum
869 839 1047 916 argumenta

123 946 257 1015 fideliter
283 945 387 1013 attulit
413 959 445 1014 at
467 947 623 1030 excussit,
641 945 702 1014 viri
722 947 828 1016 merita
844 947 1049 1034 probabiliter

122 1060 296 1146 exposuit,
315 1060 359 1132 ds
374 1061 436 1128 boc
457 1062 554 1146 igitur
575 1064 647 1150 jure
666 1063 821 1148 affirmes,
845 1083 952 1130 omnes
976 1082 1049 1132 eum

120 1175 278 1258 omnino,
304 1175 360 1260 qui
379 1179 418 1244 ad
443 1191 579 1270 nostram
603 1191 735 1270 aetatem¹
773 1179 812 1248 de
841 1178 1051 1250 Machiaveilo

123 1293 289 1362 memoriae
318 1293 548 1386 prodiderunt,
585 1295 636 1362 his
665 1289 796 1364 dotibus
828 1295 1051 1381 superavisse,

120 1421 153 1477 et
190 1410 369 1484 admirabile
403 1431 539 1498 prorsus
583 1431 672 1498 esse,
714 1431 789 1498 eos,
831 1412 889 1498 qui
938 1425 1050 1499 postea

116 1523 202 1624 ‚idem
222 1543 437 1612 argumentum
458 1531 598 1618 aggressi
618 1545 692 1602 sunt
704 1550 802 1616 ,non
822 1534 969 1620 majorem
981 1532 1049 1619 eius

120 1642 272 1712 rationem
292 1646 443 1714 babuisse
461 1662 493 1715 et
512 1649 634 1718 laudem
654 1648 899 1740 ipsitribnisse.

164 1759 210 1826 At
228 1779 306 1850 uero
324 1762 421 1830 hodie
441 1763 475 1828 in
495 1765 664 1848 praecipuo
694 1764 873 1844 interpretis
899 1762 1003 1823 officio
1022 1769 1054 1826 et

122 1870 216 1938 laude
236 1873 386 1954 ducitur,
408 1887 446 1944 ut
465 1895 573 1942 verum
587 1874 749 1947 auctoris,
781 1888 872 1948 quem
899 1869 1055 1944 illustrare

123 1983 226 2066 velit,
246 1993 380 2049 mentem
404 1994 436 2049 et
455 1979 645 2066 adsequatur
663 1980 734 2067 ipse
753 1995 785 2049 et
814 1982 885 2052 aliis
906 1985 1052 2074 declaret,

123 2099 224 2188 Quod
244 2112 311 2166 tum
332 2095 456 2194 demum
477 2097 558 2166 bene
577 2097 608 2164 ei
628 2097 741 2182 cedet,
762 2093 811 2184 s‘i,
842 2104 941 2170 exuta
962 2101 1056 2186 plana

116 2191 175 2288 'sui
208 2214 437 2286 consuetudine
466 2215 561 2299 aevi,
600 2213 645 2282 ita
673 2233 745 2283 sese
784 2213 819 2284 ln
857 2216 1057 2304 superiorum

120 2309 302 2420 'temporum
335 2331 514 2417 cogitandi,
544 2332 720 2415 sentiendi,
753 2332 874 2402 dicendi
902 2333 1055 2406 rationem

122 2453 281 2535 insinuet,
312 2464 434 2518 utnon
455 2451 543 2517 aliter
566 2448 629 2534 ipsi
649 2464 836 2535 appareant,
865 2471 900 2519 ac
927 2471 961 2520 re
980 2471 1055 2522 veta

122 2555 254 2648 fuerint,
296 2567 370 2635 Hoc
395 2579 519 2650 autem,
544 2565 593 2632 uti
613 2580 740 2638 nostrae
767 2569 890 2636 demum
919 2569 1055 2656 contigit

1 2683 2 2690 ’
118 2667 234 2754 ‘aetatis
253 2683 395 2754 felicitati
415 2698 447 2752 et
466 2685 501 2752 in
519 2701 596 2753 vero
618 2684 809 2768 exquirendo
820 2685 1055 2772 progressioni,

126 2820 209 2886 quae
228 2802 359 2869 interius
379 2801 503 2884 peperit
528 2801 680 2870 historiae
706 2803 865 2887 studium,
893 2803 938 2870 ita
966 2803 1053 2888 illis,

129 2937 214 3004 quos
233 2919 335 2986 adhuc
355 2917 684 3002 commemoravimus,
705 2919 866 3006 proprium
893 2937 958 2988 non
977 2920 1053 3002 fuit.

121 3035 204 3134 'Quo
246 3035 350 3130 minus
382 3035 445 3116 his·
469 3035 549 3106 vitio
582 3035 663 3106 verti
693 3052 834 3124 potest,
862 3039 948 3124 quod
989 3041 1056 3108 non

129 3156 171 3230 ei
208 3154 331 3224 ratione
381 3152 582 3222 Machiavslli
626 3151 750 3240 scriptis
794 3174 919 3240 operam
962 3157 1057 3223 dede·

125 3284 243 3353 runt,
270 3288 352 3354 quae
387 3289 406 3340 a
441 3271 658 3356 temporibus,
704 3271 820 3354 quibus
858 3273 1054 3354 floruerunt,

128 3403 264 3470 prorsus
293 3385 358 3449 fuit
381 3385 501 3460 ,alienat
531 3389 588 3454 sed
609 3387 722 3452 mirum
744 3399 809 3450 non
834 3397 900 3466 est,
932 3401 1052 3458 mutato

126 3514 163 3570 et
183 3497 346 3566 emendato
368 3496 493 3580 peditus
519 3499 669 3566 historiae
691 3500 860 3566 tractandae
877 3504 992 3584 modo,
1016 3523 1052 3570 oo

125 3614 289 3685 uberiores
306 3615 369 3700 jam
391 3610 514 3678 fructus
535 3609 574 3678 ad
593 3625 750 3678 auctorem
775 3601 917 3682 nostrum
941 3619 1055 3688 redun-

128 3733 244 3812 dasse,
272 3749 336 3816 quo
363 3728 445 3800 fama
470 3731 538 3816 ejus
565 3731 661 3813 priori
689 3729 740 3798 illa
764 3733 885 3802 ratione
910 3736 1054 3820 inquina-

125 3845 162 3920 'ta
186 3861 269 3916 esset
295 3843 441 3928 foedius,
472 3860 503 3912 et
533 3863 674 3931 germana
704 3849 772 3933 ejus
797 3850 983 3933 scriptorum
1005 3855 1054 3926 in·

1 3979 3 4022 t
130 3965 221 4030 doles
241 3961 402 4026 obscurata
419 3961 529 4046 magis.
559 3960 707 4043 Undique
727 3963 1055 4068 enimzconquireban·

124 4091 212 4161 ¹tur,
228 4075 429 4160 'ubicumque
451 4076 603 4160 ‘laterenm
624 4079 780 4166 opuscula
797 4081 881 4170 elus:
910 4103 975 4170 quo
991 4085 1057 4156 inc·

960 4213 1052 4285 tum,
