2888 5168
589 471 635 536 11

149 665 245 734 curso
274 650 317 718 ita
338 647 476 734 ferente,
500 665 532 718 et
552 651 627 734 ‚veri
661 653 859 738 potissimum
893 659 1076 742 exquirendi

150 769 246 834 must
263 768 302 834 cd
312 766 511 848 Machicvelli
532 769 672 836 studium
689 783 721 835 et
738 773 831 840 huius
851 774 1076 844 dietribeeedi-

149 858 268 949 tionem
289 883 424 948 delatum
440 901 520 952 esse.
549 885 595 952 Et
613 903 688 950 vero
705 903 936 957 monumentum
954 905 1076 960 exstere

148 999 261 1079 volui,
289 1019 355 1082 quo
370 1003 477 1082 palan,
491 1002 601 1083 fieret,
628 1021 769 1068 menon
799 1005 915 1072 frustra
945 1010 1010 1074 tuis
1036 1007 1076 1075 dc

149 1117 287 1186 historio
314 1117 471 1184 literaria
494 1123 635 1204 gentium
661 1124 894 1204 recentiorum,
919 1141 977 1189 nec
1000 1143 1075 1190 vero

148 1233 356 1317 Ackersdykii
374 1234 445 1302 Vir.
466 1235 554 1302 Ciar.
578 1234 617 1301 de
636 1237 774 1304 Mstorid
787 1239 923 1326 politica
935 1239 1078 1307 lectioni·

147 1350 209 1418 bus
229 1349 418 1422 interfuisse.
460 1352 564 1419 Cuius
590 1352 650 1418 viri
678 1369 842 1438 praecepte
868 1353 909 1420 ed
937 1356 1074 1438 gmtium

147 1468 382 1552 Europcetrum
406 1469 439 1536 in
463 1470 558 1536 rebus
585 1470 726 1553 politicis
745 1472 995 1556 progressionem
1016 1473 1077 1540 rite

148 1585 375 1668 percipiendam
414 1588 548 1653 multum
573 1606 623 1652 me
654 1605 729 1654 stne
760 1589 791 1654 in
831 1591 893 1654 hoc
918 1592 1075 1676 opusculo

148 1701 312 1766 condendo
327 1701 524 1768 adiuverunt.

192 1816 239 1878 Et
257 1831 345 1895 grato
358 1816 402 1880 ita
418 1815 522 1880 animo
542 1818 695 1896 revolvo,
713 1834 793 1896 quae
811 1833 830 1879 a
850 1815 925 1880 viris
935 1817 1076 1901 eximiis,

149 1947 319 2014 peronne
342 1930 404 1996 hoc
433 1943 557 2012 tempus
586 1948 686 1996 meum
711 1929 945 2012 Traiectinurn,
967 1934 1000 1998 in
1024 1952 1076 2000 me

149 2049 261 2114 collate
301 2061 377 2114 sunt
417 2047 577 2114 beneficia.
627 2047 664 2113 In
696 2047 747 2114 his
776 2048 824 2114 vir
867 2047 943 2129 ille,
982 2068 1076 2130 quern

151 2179 268 2249 petrem
286 2163 364 2230 mihi
383 2163 553 2248 contigisse
573 2165 780 2244 carissimum,
808 2164 986 2234 studiorum
1010 2185 1078 2232 nro·

144 2285 320 2358 *detererem
356 2282 651 2365 prudentissimum,
692 2281 864 2349 adiutorem
898 2284 1079 2356 libentissi·

150 2421 258 2482 mum,
286 2400 417 2469 enricum
452 2399 739 2482 sapientissimum,
766 2400 926 2483 quotidie,
953 2400 1011 2486 pio
1041 2401 1075 2468 in

149 2520 254 2586 Deum
283 2517 325 2584 0.
347 2519 407 2584 Μ.
444 2535 564 2597 sensu,
589 2529 726 2599 reputo,
766 2517 938 2602 principem
969 2520 1074 2586 locum

152 2650 298 2716 occupet.
338 2635 455 2700 Verum
476 2634 572 2700 huius
590 2633 624 2698 in
643 2652 691 2698 me
709 2633 769 2699 vici
790 2637 920 2715 meritc,
944 2650 980 2704 ut
994 2639 1076 2704 Aca-

149 2751 283 2818 demicee
297 2752 378 2818 vitoe
401 2770 486 2818 meae
513 2749 690 2829 limitibus,
718 2751 859 2831 quamvis
889 2752 983 2834 lctis,
1009 2771 1076 2820 non

119 2913 121 2918 -
140 2870 374 2950 continentur,
400 2869 520 2952 quippe
536 2885 616 2950 quae
634 2867 666 2934 e‘t
682 2866 755 2932 inde
772 2868 812 2932 ab
832 2866 960 2936 ineunte
978 2883 1076 2938 aetate

152 2985 283 3062 maxime
306 2984 459 3066 fuerunt,
481 3004 539 3052 nec
556 3005 628 3052 curo
648 2985 718 3069 ipsi
742 2986 820 3054 adeo
848 3001 949 3054 morte
969 2987 1079 3054 interi-

151 3105 254 3184 bunt,
279 3101 324 3170 itt
348 3103 473 3168 illorum
498 3103 686 3188 significatio
712 3125 731 3170 a
760 3119 850 3188 pcto
879 3104 946 3173 filio
976 3107 1081 3174 neuti-

150 3238 243 3302 quam
260 3235 394 3304 angusto
416 3221 617 3287 Academicce
641 3221 823 3306 scriptionis
846 3225 921 3288 loco
950 3225 1079 3290 conclu·

153 3335 275 3416 decdo,
295 3338 351 3402 sed
373 3353 580 3418 peromnem
617 3337 714 3402 vitem
744 3335 839 3400 rebus
866 3348 897 3400 et
927 3333 1018 3404 fectis
1046 3353 1079 3418 et

152 3447 301 3536 precibus
329 3451 517 3515 extendenda
535 3465 570 3524 et
588 3448 767 3516 declarondc
791 3450 924 3520 videtur.
981 3459 1078 3533 cete,-

151 3583 258 3634 rocum
287 3577 390 3642 autem
412 3577 649 3650 praeceptorum
679 3564 713 3630 in
746 3585 795 3633 nte
818 3567 923 3636 studia
951 3569 1078 3640 minime

150 3681 285 3750 obscure
305 3681 454 3764 fuerunt,
471 3721 476 3738 ι.
491 3696 544 3747 tut
567 3683 740 3764 eiusmodi,
776 3705 909 3768 quocum
938 3707 1076 3774 unquam

155 3799 300 3866 memorie
326 3814 471 3868 emente
494 3803 564 3866 mei
585 3802 732 3870 delectur.
775 3804 842 3870 Alii
871 3804 953 3872 eninr
974 3805 1078 3874 litere-

153 3935 225 4013 rum
254 3937 304 3983 me
320 3917 482 4004 elegantia¹
515 3917 673 4000 imbuere,
706 3918 760 3988 alii
790 3919 824 3988 in
856 3921 1078 4006 philosophice

116 4063 120 4069 ·
144 4025 317 4119 'serenate
339 4053 500 4130 uerene,
521 4037 574 4119 clii
592 4035 669 4106 iuris
692 4038 881 4123 prudente,
904 4039 1079 4142 subtilitate

1045 4167 1078 4221 et
