2858 5166
823 530 999 598 -86-

441 707 632 794 &nobilium
643 725 728 777 certe
741 728 844 778 rerum
853 707 1116 796 occupationibus
1127 729 1160 780 se
1170 711 1379 796 abstinuisse3

443 815 482 893 ab
491 827 588 896 altera
595 843 700 894 tamen
708 843 798 912 parte
806 847 871 894 non
886 831 954 902 sine
969 834 1090 900 summa
1099 807 1376 914 voluptateipsum

444 943 587 1016 audinus
607 959 804 1027 narrantem,
830 966 922 1028 quam
944 947 1089 1014 lubenter
1109 967 1179 1014 sese
1199 967 1237 1016 eu
1260 947 1299 1014 iis
1319 949 1380 1014 eri·

358 1055 361 1071 ¹
443 1060 532 1148 piat,
545 1074 583 1128 et
597 1063 646 1130 ad
663 1083 698 1130 ea
711 1061 821 1130 ,studia
841 1064 970 1144 redcat,
990 1065 1028 1132 ad
1052 1083 1133 1144 ,quae
1156 1063 1248 1134 unice
1270 1085 1307 1132 se
1326 1085 1382 1134 na·

444 1191 514 1247 tutu
534 1195 566 1248 et
586 1181 744 1246 excultum
765 1177 919 1260 sentiret,
937 1179 978 1244 ·in
998 1179 1182 1264 quibusque
1201 1182 1381 1250 exercendis

445 1296 568 1388 demum
602 1277 753 1362 amissum
794 1294 953 1379 dignitatis
987 1312 1018 1362 et
1055 1295 1214 1364 felicitatis
1253 1303 1381 1364 sensum

443 1426 649 1495 recuperaret.
702 1411 772 1493 Et,
807 1411 895 1493 quod
933 1413 1121 1494 opusculum
1152 1414 1206 1481 dcl
1231 1415 1386 1502 Prlncipc

442 1528 576 1612 attinet,
618 1527 682 1595 fuit
720 1527 800 1595 illud
830 1529 1015 1622 solitudinis
1053 1529 1224 1611 solatium,
1256 1530 1384 1596 fruc'tua

365 1661 371 1671 ·
444 1643 602 1730 diligentis
631 1660 663 1712 et
682 1645 828 1731 perpetui
850 1643 1050 1728 antiquorum
1077 1645 1173 1712 studii
1207 1661 1239 1712 et
1270 1647 1384 1732 longae

443 1737 676 1846 experientiae,
706 1780 723 1826 e
749 1780 814 1842 quo
834 1762 929 1830 ,fonte
959 1763 1062 1828 omnia
1083 1765 1148 1846 eius
1179 1762 1296 1844 scripta
1326 1785 1383 1846 po·

444 1878 530 1944 litica
544 1891 730 1946 manarunt.
777 1877 911 1962 Scripsit
945 1879 1199 1959 Machiavellus,
1229 1891 1264 1945 ut
1294 1884 1381 1966 cogi·

445 2005 509 2059 tata
528 1993 608 2060 bene
639 1995 836 2077 enuntiaret,
871 1996 948 2061 lecta
981 1995 1042 2060 sibi
1077 1995 1203 2080 propria
1239 1995 1380 2080 faceret,

445 2111 628 2194 aequalibus
647 2109 733 2176 utilis
751 2123 845 2176 esset.
890 2111 1037 2194 Cumque
1056 2113 1126 2177 libri
1151 2115 1274 2180 materia
1291 2133 1377 2180 novo

445 2227 582 2311 principi
602 2225 760 2309 aptissima
785 2225 963 2306 videretur,
985 2227 1078 2290 simul
1105 2228 1272 2309 speravit,
1268 2226 1378 2310 fote,

446 2357 484 2408 ut
504 2344 560 2407 hac
582 2342 702 2407 ratione
732 2342 884 2408 Mediceis
913 2344 1100 2424 probaturus
1132 2361 1235 2424 esset,
1262 2351 1379 2428 quanti

446 2475 479 2534 et
501 2457 655 2530 industria
687 2474 718 2525 et
734 2431 878 2530 solertia
908 2461 1043 2538 valereta
1087 2477 1264 2542 quantaque
1294 2481 1312 2526 a
1347 2481 1379 2526 se

445 2578 577 2648 fidelitas
600 2592 709 2660 posset
740 2578 934 2658 exspectari,
970 2577 1024 2658 qui
1053 2596 1254 2662 peromnem
1281 2579 1422 2646 vitam

445 2694 633 2781 integritatis
653 2709 683 2759 et
704 2691 899 2760 innocentiae
918 2692 1146 2758 existimatione
1164 2694 1336 2760 floruisset.

447 2813 610 2902 Juliano
645 2813 833 2896 opusculum
872 2809 1054 2876 dedicare
1046 2829 1078 2874 tn
1109 2809 1212 2894 animo
1254 2803 1422 2876 habuit.

371 2901 373 2908 Ι
445 2929 543 2996 Hunc
568 2929 711 2994 enimet
742 2926 946 2993 Laurentium
985 2927 1078 2991 novis
1109 2927 1210 3009 regnis
1244 2929 1380 3006 destinas

446 3055 534 3111 verat
563 3041 726 3108 ambitiosa
744 3040 912 3107 Leonisli
937 3040 1104 3122 imperandi
1125 3037 1301 3119 cupiditas,
1327 3062 1378 3106 su·

445 3141 605 3248 pariorum
619 3159 805 3246 Pontificum
819 3155 1064 3248 vestigia‘presse
1075 3155 1174 3244 secuti
1185 3173 1198 3220 t
1209 3157 1376 3236 quodcum

447 3299 487 3349 ex
507 3277 576 3346 aliis
594 3277 759 3362 epistolis,
786 3293 855 3346 tuna
874 3295 912 3342 ert
942 3273 1165 3348 historicorum
1179 3251 1375 3342 testimoniis

446 3395 609 3464 discimus.
663 3395 727 3462 Iam
754 3395 830 3476 diu,
847 3408 1024 3474 antequam
1051 3390 1279 3458 Machiavallus
1304 3393 1375 3458 ami

445 3532 522 3584 cum
541 3525 632 3580 suum
653 3505 815 3578 certiorem
837 3505 971 3592 fecerat,
1003 3529 1038 3576 se
1059 3509 1185 3602 politici
1204 3508 1375 3590 ‘argumenti

444 3631 562 3701 librum
589 3628 833 3707 composuisse,
859 3628 1046 3706 Vectorius,
1072 3626 1104 3694 iu
1137 3623 1299 3706 epistull,
1331 3626 1375 3722 die

440 3766 507 3813 ια
516 3753 618 3809 mens.
630 3740 780 3825 *Juttn
798 3761 891 3826 1513
910 3746 1049 3824 sesima,
1079 3741 1375 3828 diversnrnmpuim

400 3854 553 3944 ‘cipum'
580 3857 710 3926 consilia
732 3857 915 3970 explorans,
938 3859 1061 3922 firmum
1091 3855 1210 3924 Leonis
1243 3859 1273 3928 X
1300 3881 1375 3946 pro

389 3965 403 4047 i
441 3971 586 4058 positum
605 3993 755 4051 memorat
778 3996 870 4048 nova
883 3976 1032 4064 Juliano
1029 3988 1069 4042 et
1090 3969 1263 4072 Laurentio
1283 3997 1375 4066 regna

372 4088 602 4180 parandis
628 4090 786 4161 incertum
807 4090 961 4178 quidem
952 4090 1016 4174 ipsi
1044 4090 1195 4174 videtur,
1224 4109 1374 4174 qustum

550 4227 553 4236 ⁴
1319 4207 1374 4278 ille
