2888 5168
416 531 465 556 ...
484 529 528 600 49
546 530 595 558 .-

73 705 135 772 que
156 687 347 775 reipublicae
374 683 479 760 causa
503 691 536 759 in
567 708 675 778 agrum
705 687 924 768 moruorum
947 691 1004 764 dt·

68 803 176 872 currit.
220 805 351 873 Ceterae
378 807 549 888 legationes
576 825 706 874 numero
734 811 925 896 plusquam
949 809 1001 880 vi·

68 920 146 1004 giuti
175 921 323 988 fueruntt
367 941 499 1004 quamn
540 923 726 992 illustriores
760 927 845 1011 apud
877 928 1001 995 Ducem

67 1031 270 1104 Valentinum
285 1035 436 1119 ,Galliae
457 1039 601 1125 Regem,
629 1041 1002 1125 Maximllianumlmpc-

66 1167 202 1222 retorem
221 1143 437 1223 et'Pontifrces
459 1155 622 1224 Romanos
643 1158 882 1226 administravit.

110 1272 269 1340 Universe
284 1275 458 1340 >tenendum
482 1287 550 1356 est,
576 1275 742 1344 Gallorum
769 1271 1005 1359 expeditionem

68 1387 178 1455 ab·A⁰
207 1407 290 1476 1494
306 1429 355 1450 -
376 1407 457 1475 1512
492 1387 745 1460 Florentinorum
778 1392 824 1460 rei
857 1390 1010 1478 publicae¹
1075 1381 1081 1390 ’

67 1513 192 1590 magnas
224 1507 419 1578 difficultates
452 1519 484 1574 et
510 1507 660 1579 continua
688 1507 887 1578 incommoda
916 1521 1004 1578 attu-

66 1619 154 1696 iisse.
170 1625 271 1692 ·Cum
289 1624 372 1690 enim
394 1637 491 1690 totam
513 1639 549 1690 se
576 1625 615 1691 ad
639 1625 729 1692 illum
761 1625 917 1708 populum
948 1643 1005 1707 ap·

66 1737 258 1820 plicuisset,
276 1740 437 1822 prosperis
456 1741 622 1806 Gallorum
634 1741 752 1819 rebus,
772 1737 917 1832 fortioris
926 1735 1010 1804 arbi·

65 1852 165 1920 trium
194 1867 226 1919 et
245 1853 418 1920 lubidinem
440 1853 639 1936 sustinebat,
671 1851 808 1924 adversis
829 1869 927 1936 vero,
945 1868 1007 1920 un·

68 1967 325 2050 dique-summis
350 1986 369 2033 a
398 1965 626 2050 potentissimis
647 1963 829 2034 adversariis
853 1965 1005 2048 periculis

67 2083 333 2151 circumdabatur.
370 2083 529 2150 Praeterea
553 2079 679 2148 obsidio
696 2081 752 2147 illo
771 2075 886 2147 Pisano
906 2080 1006 2164 magis

67 2198 164 2267 etiam
197 2212 228 2264 et
257 2217 276 2265 a
302 2195 404 2265 Gallis
434 2199 570 2280 pendere
598 2197 727 2281 coepit,
758 2207 790 2262 et
820 2211 1032 2281 perpetuam⁴

66 2335 140 2384 cunr
174 2313 285 2382 ceteris
311 2313 493 2382 civitatibus
519 2312 703 2381 offensionis
721 2327 754 2380 et
773 2307 1012 2388 inimicitiarum

69 2433 240 2504 materiam,
262 2432 395 2522 nutrivit
424 2431 496 2520 (1).
561 2429 697 2499 Medicei
735 2433 857 2498 exsules
889 2432 1008 2524 nullam

50 2550 262 2616 ¹omittebant
296 2549 518 2628 occasionem,
564 2565 644 2627 quae
680 2544 759 2630 ipsis
797 2547 931 2616 reditum
971 2547 1007 2616 in

70 2666 230 2750 pristinos
259 2666 396 2730 honores
436 2653 615 2747 praeberet:
660 2681 831 2743 eorumque
872 2664 1010 2730 asseclae

70 2779 163 2846 intus
186 2777 336 2858 fovebant
353 2790 383 2845 et
398 2777 554 2863 agitabant
575 2771 690 2843 omnia.
731 2773 894 2858 Tandem,
915 2775 1010 2845 initio

73 2897 177 2965 seculi
203 2895 314 2963 decimi
335 2897 438 2979 sexti,
469 2895 593 2980 saepius
613 2914 632 2962 a
651 2897 854 2979 parvulorum
880 2879 1010 2964 illorum

72 3029 280 3100 tyrannorum
295 3013 496 3098 petulantia,
525 3011 635 3096 quiin
664 3011 763 3080 media
791 3012 896 3080 Italiae
918 3009 1010 3098 purte

71 3131 294 3216 pullulabant,
319 3119 524 3215 omniumque
543 3147 646 3197 rtrum
668 3129 848 3198 turbatione
867 3129 907 3196 ad
921 3145 1012 3212 prae·

69 3249 130 3322 das
157 3261 206 3314 et
245 3248 446 3316 excursiones
488 3267 527 3314 ex
560 3239 684 3316 arcibus
722 3261 756 3314 et
790 3245 925 3310 urbibus
943 3241 1010 3312 suia

71 3365 112 3430 in
131 3359 250 3428 alienos
273 3378 366 3440 agros
385 3363 544 3426 faciundas
568 3348 800 3440 abutebantur,
822 3358 926 3426 omnia
945 3377 1014 3426 me·

17 3503 18 3554 ᾗ
72 3476 214 3547 tuebat.'
243 3475 315 3541 Hos
336 3475 454 3542 Caesar
483 3473 596 3556 Borgia
622 3465 802 3555 oppressit,
839 3473 908 3555 ipse
941 3459 1015 3540 ante

17 3619 18 3622 ¹
75 3613 189 3664 ornnes
215 3589 359 3677 perfidus
389 3604 421 3657 ct
447 3590 643 3683 periculosus
674 3577 797 3658 vicinus
821 3589 899 3673 (ὼε
921 3593 1012 3661 culus

74 3687 178 3798 igitur
190 3753 193 3758 -
205 3689 238 3774 et
257 3709 386 3783 calenda
412 3707 547 3776 amicitia
568 3724 599 3774 et
618 3707 712 3774 simui
734 3707 857 3790 singula
877 3705 960 3774 dicta
979 3720 1013 3774 et

76 3825 166 3896 facta
197 3825 388 3892 observanda
418 3839 515 3899 eraut.
564 3825 686 3895 Missus
716 3825 756 3892 ad
779 3841 851 3890 eum
871 3813 1016 3893 est'Ma·

945 3939 1016 4012 chi·

17 3997 25 4215 ι
116 4069 226 4156 (alcia
241 4021 366 4132 &mans
379 4069 397 4124 1
409 4037 443 4144 p:
454 4067 515 4128 art.
588 4027 637 4143 ¹(a)
662 4069 715 4130 cff-
733 4072 856 4134 Daroma.
871 4068 1007 4141 ptam
1040 4095 1042 4106 ι

527 4171 559 4240 D

18 4224 32 4504 ι
143 4217 150 4230 ,
