2858 5166
438 585 624 653 ‘'9⁷'‘

95 747 180 818 Nam
201 737 319 816 miron
340 746 432 814 rnrrro
451 748 542 815 amur
561 747 615 818 sur
624 745 784 829 defuncti,
805 727 995 836 corninus

51 866 403 951 cellaii,'memoriam'‚
423 865 545 931 sincero
562 867 650 932 luctu
681 879 712 932 et
739 867 994 950 eloquentissima

49 983 207 1049 virtutum
240 982 437 1062 laudatione,
466 981 505 1048 iis
533 981 629 1065 igitur
649 983 885 1067 parentalibus,
913 1004 993 1068 quae

48 1099 255 1166 unamaxime
267 1097 477 1166 desiderabilia
494 1111 595 1180 sunt,
612 1099 803 1168 honestavit.
827 1099 995 1188 Quaecun-

47 1235 114 1296 que
129 1217 209 1283 enim
224 1217 341 1283 amicos
359 1213 393 1281 in
413 1215 534 1298 amico,
550 1215 629 1282 civis
643 1215 678 1280 in
696 1215 768 1283 cive
788 1213 947 1300 requirat,
957 1217 992 1286 in

44 1331 102 1398 illo
114 1333 632 1417 mirifiteconspiraverunt,quem
644 1332 873 1426 Macbiaveilus
886 1333 990 1401 omni·

45 1449 126 1531 bus,
149 1467 230 1532 quos
243 1467 299 1534 per
314 1465 411 1517 totam
428 1451 523 1517 vitam
535 1450 760 1534 cognovisset,
774 1449 989 1520 animlelatio-

44 1577 84 1630 ne
99 1567 650 1652 et'gloriaecupidineanteponebat.
699 1565 780 1634 Tam
801 1567 912 1635 intime
932 1587 989 1636 au·

45 1696 110 1748 tem
128 1693 168 1747 ‘et
187 1699 262 1749 vere
278 1685 375 1749 'animi
390 1675 442 1748 s'ni
462 1701 573 1750 sensus
593 1684 768 1769 expressit,
792 1696 832 1749 ut
850 1697 988 1750 amemus

43 1789 309 1880 adolescentem,
353 1801 445 1881 quasi
482 1818 588 1866 recens
629 1799 725 1866 nobis
760 1809 887 1881 ereptus
932 1797 989 1868 sit·

45 1916 83 1983 In
107 1930 197 1981 tanto
221 1917 331 1982 dolore
354 1931 466 1981 auctor
487 1916 616 1983 unicum
637 1931 669 1982 et
689 1907 903 1982 dulcissimum
933 1931 990 1984 so·

46 2033 159 2096 latium
181 2037 295 2113 reperit
321 2032 497 2114 repetendis
526 2029 672 2099 omnibus
696 2032 847 2100 carissimi
874 2031 985 2117 capitia

44 2149 141 2214 dictis
164 2163 194 2214 et
210 2149 321 2215 iactis:
356 2149 524 2232 in'quibus
553 2168 624 2216 cum
658 2150 854 2234 colloquium
887 2152 989 2218 excel·

45 2267 150 2347 leret,
178 2267 289 2348 quod,
317 2265 350 2330 in
378 2267 485 2333 mediis
507 2266 610 2333 hortis
641 2267 731 2350 suis,
755 2287 826 2334 cum
849 2267 985 2337 celebra·
1011 2239 1017 2256 ⁸

45 2381 170 2449 tissima
199 2377 418 2468 Imperatore,
459 2383 604 2451 Fabricio
638 2383 807 2466 Colonua,
846 2385 886 2453 de
907 2371 984 2454 ¹arte

45 2499 172 2565 militari
193 2502 332 2568 Cosmus
352 2501 492 2568 omniurn
523 2502 590 2570 iere
616 2489 764 2569 ultimum
796 2500 983 2589 habuisset,

47 2633 183 2699 cumque
192 2617 260 2701 ipse
270 2618 408 2683 sermoni
428 2617 642 2699 interfuisset,
666 2617 897 2688 Machiavellus
911 2622 985 2689 lito-

49 2734 94 2800 n's
127 2751 200 2800 eum
227 2733 403 2815 mandavit,
430 2748 466 2800 ut
491 2749 522 2798 et
542 2733 675 2800 amicum
693 2734 861 2800 celebraret
884 2749 986 2804 atres

43 2843 185 2936 graves,
222 2868 302 2933 quae
329 2848 373 2914 ibi
397 2851 526 2935 agitatae
555 2864 683 2935 essent,
704 2862 878 2938 promeret.
907 2863 912 2891 ¹

79 2961 227 3034 ⁴Venerat
247 2969 435 3035 Florentiam
458 2969 625 3054 Colonna,
638 2985 674 3038 ut
702 2970 736 3038 in
760 2972 982 3062 ornatissima,

48 3085 198 3167 omnique
224 3083 325 3154 rerum
350 3080 442 3172 copia
464 3102 496 3156 et
518 3089 675 3158 literarum
705 3083 854 3160 varietate
880 3086 983 3160 abun·

48 3201 232 3268 dantissimo
260 3206 339 3269 urbe
363 3195 530 3291 parumper
551 3227 622 3276 sese
651 3209 685 3273 in
705 3209 773 3274 otio
801 3209 982 3274 delectaret.

46 3313 166 3386 Invitat
194 3333 270 3381 eum'
290 3320 429 3384 Cosmus
454 3322 582 3403 horris,
618 3321 739 3386 deliciis
771 3320 863 3386 suist
901 3319 986 3387 erci-

48 3433 139 3518 pitur
152 3443 256 3498 autem
281 3449 299 3495 a
319 3427 539 3509 frequentibus
558 3425 789 3515 familiaribus,
810 3438 848 3502 ea
874 3435 985 3532 huma·

45 3547 147 3617 nitate
160 3561 204 3620 ‚et
226 3543 450 3630 observantia,
474 3539 553 3631 quae
574 3539 688 3632 'magno
712 3550 781 3618 viro
802 3572 820 3620 a
854 3569 985 3638 genero-
1039 3614 1043 3626 .

48 3665 174 3733 sissimo
193 3663 323 3750 quo‘que
333 3663 553 3734 lubentissime
566 3665 663 3733 tribui
672 3669 766 3739 solet.
789 3669 983 3755 Sponteno·

51 3783 102 3850 bis
126 3781 162 3848 in
182 3798 313 3850 mentem
336 3785 469 3852 veniunt
493 3784 654 3852 Ciceronis
682 3786 820 3874 dialogi,
851 3790 982 3874 legenti·

52 3899 112 3966 bns
149 3895 278 3968 sriavem
319 3901 403 3968 illam
449 3917 515 3970 tum
555 3897 722 3972 ceterarum
764 3919 864 3974 rerum
895 3915 982 3978 'om-

51 4017 161 4102 nium,
182 4033 263 4088 tum·
278 4021 431 4087 sermonis
461 4023 571 4106 iilius,
602 4022 657 4107 qui
675 4023 980 4111 tactten‘dispota-

47 4134 130 4230 tioui
142 4115 341 4222 occasiope'm'
348 4138 493 4226 praebuit
504 4137 773 4230 pdo'seription'em
783 4159 804 4212 r·
816 4153 912 4226 atque
929 4142 980 4204 ul·

52 4273 59 4288 ,
487 4255 526 4333 G
643 4289 646 4294 ,
925 4263 980 4325 ιω
