2888 5168
805 475 986 542 mro..

424 651 716 740 Pedesiuchillcu
729 651 835 738 lingon
852 668 967 740 *cuncto
984 655 1052 742 ejus
1068 653 1184 742 scripto
1199 655 1246 722 sic
1257 653 1350 728 edidit

426 783 460 838 et
490 773 633 856 ornavit,
666 785 713 838 ut·
738 771 794 840 hac
825 773 964 842 editione
988 774 1135 858 deinceps
1163 792 1266 842 catere
1286 787 1351 842 non

422 889 575 976 possint,
595 889 650 974 qui
668 889 841 958 accuratius
857 890 1100 972 Mochiavellum
1117 904 1245 958 trcctrre
1262 890 1353 974 cupi·

421 1022 476 1086 ent
495 1011 567 1096 (ι).
596 1008 684 1096 Quin
702 1007 792 1075 labor
805 1008 845 1076 ab
862 1026 901 1075 eo
919 1009 952 1076 iu
975 1009 1207 1094 interpretando
1224 1009 1348 1094 egregio

420 1127 574 1214 scriptore
589 1128 763 1194 collocatus
790 1124 911 1206 duabus
944 1143 1049 1191 ansam
1078 1124 1222 1210 praebuit
1251 1125 1350 1210 scrip-

418 1245 588 1328 tionibus,
613 1260 745 1327 quorum
766 1242 859 1308 alters
883 1242 916 1310 in
935 1242 1045 1310 critico
1072 1261 1168 1327 opere
1190 1244 1350 1314 Edinbur·

416 1355 510 1442 gensi
546 1357 630 1442 (u),
669 1358 765 1424 altera
807 1355 842 1423 iu
882 1356 1073 1425 bibliotheca
1107 1358 1229 1428 Gallica
1264 1359 1348 1448 (),

418 1487 545 1542 auctore
564 1472 753 1556 Avencllio,
777 1472 946 1541 invenitur.
992 1476 1089 1543 Hisce
1112 1475 1260 1556 omnibus
1289 1493 1352 1544 nu·

413 1609 473 1678 per
507 1590 690 1660 brevissime
723 1592 763 1662 de
798 1590 926 1670 Nicolcl
966 1590 1167 1664 Mcchiavelli
1205 1591 1351 1681 principe

413 1710 636 1778 commentatio
670 1708 805 1778 accessit
835 1709 1047 1780 Kellermtuni
1074 1709 1147 1800 (4).

454 1934 652 2022 Quamquam
675 1928 783 2016 igitur,
799 1935 834 1996 hi
860 1949 1034 2016 occuptssc
1065 1939 1171 2004 omnic
1198 1951 1231 2002 et
1263 1937 1348 2010 nihil

412 2052 545 2126 omnino
566 2051 697 2118 aliorum
731 2046 900 2114 industrius
930 2047 1099 2133 reliquisse
1123 2052 1276 2122 continuo
1296 2058 1350 2123 vi.

414 2171 562 2242 deanturt
595 2185 686 2235 secus
713 2179 839 2250 nmen,
870 2153 926 2249 qui
960 2183 1026 2232 reru
1064 2168 1206 2251 pressius
1237 2171 1345 2240 consi·
1427 2143 1428 2202 ³

414 2291 523 2379 deret,
550 2303 723 2366 eorumque
752 2282 908 2377 scribendi
936 2282 1104 2352 consilium
1131 2304 1204 2353 cum
1230 2301 1344 2354 nostro
1427 2295 1428 2352 l

411 2403 604 2484 contendat,
626 2397 829 2469 existimabit.
866 2400 985 2468 Omnes
1006 2402 1344 2490 enim(Rehbergiu1n

411 2524 719 2594 et‘Kellermannum
747 2517 890 2603 excipio)
910 2519 972 2585 hoc
996 2519 1059 2586 sibi
1079 2539 1342 2610 proposuerunt,
1427 2515 1428 2553 ³

410 2657 477 2708 non
509 2652 545 2706 ut
571 2634 687 2704 librum
714 2633 767 2702 dol
791 2636 939 2724 Principe
969 2637 1170 2722 potissimum
1204 2640 1344 2725 explica·

353 2800 357 2810 ·
408 2770 498 2837 rent,
519 2757 576 2824 sud
596 2769 633 2823 ut
654 2755 798 2823 universe
828 2755 868 2822 de
895 2754 1095 2824 Macblavelli
1126 2758 1212 2841 viti,
1242 2759 1338 2826 rebus

329 2859 335 2876 '
410 2872 531 2956 gestis,
553 2872 724 2953 operibus,
745 2871 884 2951 meritis,
908 2871 1116 2956 dissererent,
1146 2879 1339 2962 totiusque,

411 2991 477 3080 qud
514 2986 617 3070 vixit,
657 2987 767 3054 aetatis
809 2987 946 3054 indolem
984 2988 1206 3063 describerent.
1258 2993 1337 3080 Quo

408 3103 549 3189 lactum,
581 3117 619 3172 ut
638 3103 672 3172 in
692 3103 876 3184 Ittlicruumx
894 3105 963 3190 ejus
992 3105 1145 3192 temporis
1170 3105 1338 3182 civitatum

1282 3247 1339 3298 nn·

419 3435 486 3511 ,(ι)
507 3439 640 3492 ,Οειιννω
674 3435 826 3506 complices
855 3437 888 3488 de
915 3436 1092 3502 Maeliani,
1116 3438 1257 3493 traduitce
1276 3457 1336 3510 par

407 3522 437 3583 Π.
461 3527 497 3582 7.
513 3528 626 3606 I’err'dr²
649 3541 682 3582 ιι
702 3523 790 3589 roll,
823 3523 909 3576 Poris.
931 3525 1007 3580 1825.
1040 3525 1073 3578 In
1098 3526 1152 3578 vol.
1179 3527 1193 3577 1
1214 3511 1336 3581 occurrit

406 3615 587 3671 Haohiavelli
605 3613 747 3674 historia,
771 3611 836 3673 vel,
859 3613 882 3664 si
902 3613 1007 3674 mavis,
1036 3619 1202 3678 temporum,
1232 3616 1332 3684 quibu·

404 3699 529 3766 hieriuit
548 3695 759 3761 Mnebiavellut,
786 3697 915 3763 historia,
935 3701 1014 3752 docte
1029 3699 1137 3766 scripto.

443 3792 485 3862 (u)
512 3788 555 3843 cl.
573 3779 889 3866 ΙέάιήὖιινςΙῃΙίενίειν,ι
900 3790 1016 3850 March,
1036 3789 1101 3859 1827
1118 3805 1147 3856 p·
1162 3791 1211 3863 ²⁵9
1225 3828 1260 3842 -
1270 3799 1332 3870 ²9⁵·

443 3879 484 3952 (3)
512 3875 607 3931 Re'i’ue
639 3875 882 3950 Encyclopeuiqu«
912 3869 950 3930 A‘
978 3876 1055 3943 1829.
1086 3875 1120 3930 Τ.
1134 3879 1158 3935 1.
1179 3880 1243 3938 Liv.
1260 3886 1284 3941 Ι.
1300 3906 1331 3958 p.

406 3971 439 4030 ot
456 3967 575 4021 ⁸105·
608 3965 687 4020 Livr.
703 3965 744 4020 ll.
759 3966 809 4037 576
824 3992 859 4010 -
874 3965 934 4019 406.
968 3962 1045 4019 Livr.
1070 3966 1092 4020 V
1108 3970 1160 4046 534
1178 3997 1212 4013 -
1229 3973 1291 4032 566.

417 4066 483 4144 '(l)
512 4065 602 4141 Quum
627 4063 666 4121 A·
684 4065 748 4122 rest
766 4065 875 4144 publice
893 4061 1003 4133 utputo
1026 4065 1157 4128 dolendib
