2858 5166
10 2507 11 2510 ,
124 2435 198 2519 lae,
219 2436 370 2519 equibus
386 2436 425 2504 de
448 2451 609 2522 postremo
629 2439 696 2525 qus
714 2437 798 2504 vitae
817 2452 958 2522 tempore
975 2437 1057 2503 mul·
1149 2451 1151 2456 ·
1273 2445 1275 2452 ’

489 543 538 568 ·-
558 525 621 595 aas
639 533 687 558 ····

121 692 219 762 italo
232 691 322 772 boc,
332 687 509 758 Castruccii
525 687 670 770 nomine,
680 685 773 756 rebus
785 688 1051 773 gestisetoppor.

118 805 313 886 tunitatlbus
323 801 525 896 potissimum
540 820 620 872 usus
635 819 704 872 esse
720 800 869 886 videtur,
902 809 1052 876 utiocto

120 925 215 993 ribus
238 931 429 1006 proponeret
454 916 579 1000 uirum,
612 918 691 1001 qui,
706 957 709 964 ·
722 919 807 985 nulla
835 917 969 1006 ferere,
987 925 1053 990 nisi

126 1041 265 1126 quodam
276 1036 421 1106 fortunae
429 1032 585 1104 beneficio
601 1049 633 1102 et
642 1033 759 1118 ingenii
779 1035 829 1104 sui
847 1033 1049 1108 laculanbu

120 1157 272 1243 wotos,
292 1154 326 1222 in
339 1153 445 1235 itallae
461 1151 612 1235 civitate,
629 1152 762 1237 sparus
782 1151 882 1222 initiis
898 1154 1057 1238 etpriuata

121 1271 330 1358 conditione,
353 1288 424 1352 sese
445 1270 487 1338 ad
500 1269 691 1354 tyrannidem
712 1270 1058 1356 eveheret,ermquc·et

123 1385 747 1474 bmevolemibpmdentin,severitate,
758 1387 994 1472 reverentiaque
1004 1387 1056 1456 sui

121 1507 295 1592 retineret,
306 1517 350 1574 -et
359 1503 582 1589 veroegragn·
593 1503 704 1594 bellico
719 1503 838 1574 virtute
857 1517 953 1590 atque
962 1505 1057 1574 disci·

123 1621 455 1707 plut,-iis-omnino
476 1620 619 1703 eminus,
639 1618 862 1704 amplificaret,
883 1639 960 1702 qun
980 1623 1057 1690 Me.

124 1739 300 1806 thiauellus
316 1736 435 1819 cumin
453 1755 513 1803 suo
522 1737 667 1818 Principe
682 1733 950 1818 postulavimus
964 1733 1059 1802 inec·

123 1854 201 1926 teris
213 1852 347 1922 feroillis
359 1852 544 1937 ,quiipssus
554 1865 652 1921 aetate
662 1848 1055 1934 comcommendabat.

128 2024 132 2036 .
168 1970 227 2040 Uti
241 1983 346 2038 autem
368 1987 465 2054 supra
479 1969 637 2036 literarum
656 1983 727 2039 cnm
740 1967 885 2036 Vettorio
904 1957 1057 2037 romnus·

125 2087 211 2155 cium
225 2085 363 2156 auctoris
372 2085 479 2156 nostri
497 2085 635 2152 indolem
651 2103 687 2152 ae
705 2103 755 2152 res
767 2099 871 2169 gestau
887 2103 943 2170 per
962 2103 1056 2154 omne

125 2203 188 2268 hoc
215 2218 338 2288 ternpus
365 2203 489 2288 egregie
516 2203 707 2286 illustrauit,
728 2205 771 2272 ita
799 2201 905 2270 nobis:
918 2184 1057 2270 miae

124 2334 201 2389 sunt
219 2321 388 2388 nonnullae
417 2318 630 2392 Guieciardini
657 2331 702 2390 et.
717 2317 916 2390 Machiauelli
937 2318 1057 2403 episto·

9 2539 10 2542 ¹
126 2569 159 2620 ta
177 2553 340 2621 discimus.
374 2553 515 2620 :Prorsus
539 2553 621 2619 idem
650 2549 690 2616 in'
704 2551 811 2636 bisce,
831 2566 926 2636 atque
948 2551 982 2618 im
998 2559 1057 2619 sla·

9 2701 11 2716 ›
126 2667 305 2752 potioribus
344 2665 429 2750 illis,
468 2665 624 2749 adparata
667 2667 820 2752 ingenio,
859 2669 948 2734 mulli
990 2685 1057 2766 nora

9 2825 10 2880 l
129 2783 328 2867 occasione,
357 2783 397 2851 ad
425 2767 550 2864 facetias
577 2794 705 2869 promto
724 2803 753 2850 r·
773 2785 814 2852 ad
843 2798 975 2854 mortem
1001 2803 1056 2858 nar

9 2885 16 2952 l
130 2917 195 2984 que
239 2897 444 2968 familiaribus
490 2913 620 2986 propter
659 2897 842 2968 facilitatem·
866 2913 1054 2986 morumque

134 4280 138 4294 .

125 3015 283 3086 levitatem
308 3035 398 3086 carus
422 3013 505 3102 (1);
548 3017 583 3084 in
602 3003 739 3102 publicis
773 3017 907 3111 negotiis
936 3019 1056 3106 agitan-

125 3135 174 3204 dis
192 3129 320 3221 mavis,
340 3135 461 3220 alacer,
483 3135 607 3204 sollers.
628 3133 694 3204 Diu
716 3135 777 3220 ipsi
787 3120 866 3204 nihil
875 3137 974 3221 magis
984 3153 1057 3204 cor·

129 3250 164 3329 di
190 3250 276 3333 fuit,
297 3271 390 3334 quam
417 3267 456 3319 ut
482 3252 725 3320 Guieeia'rdiuus
750 3250 909 3330 fabulam,
928 3248 968 3314 ab
984 3249 1056 3334 ipso

127 3363 302 3449 scriptam,
322 3367 426 3431 ederet
445 3381 478 3433 et
487 3369 633 3436 Mutinae
650 3365 701 3448 agi
710 3375 845 3458 curaret.
868 3363 1055 3434 Namanim·

92 3557 96 3565 ,
127 3480 352 3550 advertendum
369 3479 423 3553 bic
444 3494 515 3566 est,
545 3481 788 3550 Machiauellum
803 3501 876 3575 eum
899 3459 1055 3563 cardinali

126 3597 261 3674 Bibiena
283 3609 316 3664 et
335 3595 493 3680 Ariosto,
520 3584 631 3666 iodea
654 3597 768 3668 renatis
798 3599 917 3685 litenis,
935 3599 1054 3686 odmas

128 3711 250 3782 fabulas
268 3713 428 3784 docuisse.
471 3715 612 3802 Quarum
642 3705 716 3802 illa',
736 3721 815 3804 quae
835 3719 1058 3810 Mandragola·

129 3825 269 3929 duitor,
300 3831 463 3927 omnibus''*
483 3829 604 3904 idoneis
629 3833 738 3906 bamm
762 3855 864 3913 rernm
895 3835 1052 3936 existima·

949 4005 951 4013 r
1000 3967 1056 4024 ζου,

140 4067 738 4220 ‚',lsl¹diusduus2ua'uu11r„'
799 4190 803 4200 .
912 4182 914 4190 ,
