2888 5168
702 505 704 514 Ι
816 432 861 495 tv

365 640 448 692 mus.
496 621 573 704 »Ego
603 616 782 702 palmarium
813 617 874 682 hoc
907 613 1087 700 philosophi
1119 631 1201 696 opus
1231 611 1291 680 iam

365 751 455 805 antea
485 738 681 815 evolveram3
725 730 843 814 quippe
868 731 906 796 ad
934 729 1027 796 cuius
1060 727 1198 794 studium
1237 745 1294 792 ve-

367 853 505 923 hementi
526 852 659 934 quodam
677 850 819 932 impetu,
852 847 952 932 qualis
973 865 1041 913 esse
1058 847 1092 910 in
1112 844 1294 911 adolescen-

367 973 455 1039 tibus
478 972 583 1051 solet,
605 967 738 1034 ferebar.¹
781 967 874 1033 Hunc
894 979 998 1030 autem
1018 964 1194 1030 retuderunt
1216 979 1293 1028 tnox

259 1166 263 1177 ¹
368 1109 404 1156 ac
436 1105 533 1175 paene
565 1097 784 1169 oppresserant
819 1082 925 1148 inanes
958 1082 1035 1146 istae
1068 1077 1294 1162 Thrasymachi

364 1204 559 1283 aliorumque
576 1196 821 1283 sophistarum,
842 1217 920 1279 quae
932 1195 1164 1278 occurrebant,
1175 1195 1215 1262 tle
1228 1168 1295 1261 iud·

364 1321 436 1386 titia
460 1317 690 1398 cavillationes,
719 1330 756 1382 ut
787 1333 876 1398 aegre
902 1305 934 1378 et
962 1315 1044 1380 haud
1075 1313 1143 1380 sine
1162 1312 1294 1392 taedio,

364 1436 489 1504 fatebor
509 1436 610 1517 enim,
631 1433 844 1519 progrederer.
890 1430 1011 1496 Tecum
1028 1447 1103 1495 vero
1123 1431 1184 1494 hoc
1210 1445 1292 1511 opus

358 1553 505 1622 ¹Platonis
522 1537 660 1637 legenti,
677 1551 757 1616 idem
774 1551 877 1616 evenit
889 1548 1086 1629 mihi,quod
1105 1547 1138 1612 in
1155 1545 1296 1613 Homero

365 1671 598 1754 interpretando
620 1671 770 1736 acciderat
785 1683 895 1746 antea,
909 1674 953 1732 'ut
974 1664 1197 1745 auctoris,cui
1223 1681 1298 1745 opt·

354 1776 431 1851 'ram
450 1787 572 1861 darem,
604 1802 687 1868 nunc
714 1786 838 1850 demum
860 1783 1069 1849 incredibilem
1099 1781 1295 1864 conciperem

366 1907 526 1965 amorem.'
540 1890 697 1988 Monebas
716 1912 828 1976 nos,a
843 1895 930 1960 nullo
942 1895 1100 1959 Platonem
1112 1898 1294 1978 argumento

364 2013 471 2098 aptius
499 2012 613 2095 dialogi
637 2010 759 2076 initium
786 2024 890 2093 petere
921 2011 1088 2094 potuisse,
1131 2032 1224 2093 quam
1255 2012 1294 2078 ab

364 2131 491 2196 illorum
525 2129 645 2194 tatione
678 2145 713 2194 ac
745 2127 1016 2210 cavillationibus,
1063 2127 1199 2211 quinon
1241 2150 1296 2197 so-

364 2249 430 2312 lum
457 2246 520 2330 ipsi
539 2263 646 2311 omnes
665 2246 704 2310 de
722 2250 799 2311 'vero
826 2265 861 2311 ac
888 2244 991 2328 falso,
1013 2249 1052 2328 de
1072 2247 1221 2331 iustitia,
1239 2252 1293 2317 de·

367 2382 431 2448 que
461 2365 525 2430 vita
546 2363 636 2430 beata
659 2361 803 2428 notiones
831 2362 1057 2430 confunderent
1086 2378 1118 2430 et
1145 2367 1295 2433 obscura·

365 2479 457 2562 re‘nt,
491 2482 547 2546 sed
568 2479 646 2546 alios
674 2499 824 2562 quoque,
857 2481 986 2572 iuvenes
1007 2482 1186 2564 inprimis,
1214 2484 1289 2550 artis

353 2597 661 2664 ‘suae'et'orationis
690 2596 841 2664 illecebris
865 2597 903 2664 ad
927 2600 1051 2664 eandem
1079 2599 1227 2683 opinandi
1255 2601 1293 2668 li·

361 2714 496 2780 centiam
528 2713 822 2796 perversitatemque
854 2715 1012 2782 ducerent.
1048 2716 1138 2798 Hir
1173 2718 1291 2786 scilicet

360 2830 461 2894 vanis¹
477 2830 628 2894 doctrinis
652 2831 838 2924 Socraticam
869 2832 1120 2917 philosophiam,
1140 2835 1288 2917 optimam

364 2945 448 3011 illam
478 2945 615 3011 veritatis
653 2945 842 3028 virtutisque
879 2949 1075 3030 magistram,
1115 2951 1225 3016 deinde
1251 2953 1290 3018 ab

366 3083 405 3130 eo
427 3041 630 3146 oppositam,
663 3067 722 3130 sua
754 3065 877 3130 demum
904 3079 935 3131 et
960 3066 1169 3148 pulcritudine
1197 3067 1292 3136 nobis

364 3195 399 3246 et
420 3199 494 3248 vero
519 3179 669 3262 dignitate
692 3192 787 3260 atque
807 3180 986 3264 maiestate,
1018 3199 1174 3266 apparete.
1204 3182 1289 3250 Tum

368 3315 444 3396 veto
461 3297 652 3378 '„cavete‚”
674 3295 798 3378 aiebas,
824 3297 1290 3381 „neSophistas·illosomnes,

370 3461 392 3497 „
413 3412 469 3496 qui
478 3413 635 3479 communi
647 3414 709 3480 ho'c
719 3415 844 3482 nomine
859 3415 1003 3492 dicuntur
1013 3418 1201 3498 ,sperantia
1220 3418 1290 3484 Nec
1396 3396 1398 3400 ¹

367 3539 395 3613 '„
414 3533 592 3611 Xenophon
602 3549 659 3594 uec
668 3535 755 3600 Plato
772 3553 829 3596 nec
852 3524 1211 3612 ipseadeovsocratesaid
1228 3531 1292 3598 sibi

372 3645 890 3730 ,·,committendum-censuerunt.
923 3620 1131 3720 Tradiderunt
1150 3645 1195 3712 illi
1216 3667 1292 3730 pos·

372 3809 394 3845 „
414 3760 489 3828 teris
508 3759 741 3826 venustissimae
760 3779 829 3826 cum
847 3760 995 3840 -Prodici,
1019 3773 1085 3826 turn
1105 3761 1292 3845 Protagorae

374 3926 396 3962 „
416 3877 561 3960 fabulas,
612 3899 629 3942 e
662 3879 776 3959 quibus
815 3878 887 3960 quis
917 3879 955 3943 ad
985 3879 1124 3956 studium
1162 3879 1290 3946 virtutis

347 4023 349 4027 ·
372 4043 394 4082 „
415 3995 707 4080 proficeremultum
720 3996 865 4084 ‘possitss'
886 3995 1010 4080 Quibus
1024 3995 1203 4078 ,dictiscunr
1220 3995 1291 4074 nat·

1243 4128 1289 4176 ra·-
