2858 5166
479 521 621 628 *ros
640 556 684 598 ,aa

117 703 301 803 ers'peetare
325 715 453 788 debent.¹
486 721 564 788 Non
579 699 667 790 enini
698 723 787 792 facile
806 726 846 796 ln'
858 713 963 798 'unnn't
978 697 1050 797 cor'·

114 819 182 920 nus
208 821 415 903 'coalescunte'
440 837 604 922 quiquea
638 855 669 904 te
701 841 809 911 accitis
837 861 869 912 et
888 831 1045 930 stipendio
1095 845 1107 864 ’

112 951 243 1018 donatis
281 953 345 1018 dun
379 953 577 1038 praeficitur,
607 955 672 1021 noir
702 972 809 1040 potest
839 961 941 1027 statim
978 953 1046 1029 to'n'-

112 1071 180 1132 rain
204 1066 278 1132 -slbl
313 1069 526 1135 auctoritatem
565 1072 758 1157 conciliare,
806 1071 853 1141 'ut
891 1069 950 1142 tibi
983 1097 1045 1143 nae·
1102 1077 1104 1085 '

106 1171 265 1250 tuendus¹
280 1182 416 1250 existat.'
448 1169 485 1252 ln
515 1185 604 1255 hisce
624 1188 769 1280 igrraviaa
792 1192 825 1260 in
852 1191 915 1258 illis
936 1191 1044 1290 bellica

97 1300 216 1368 ·vil·tus
248 1301 421 1386 periculosa
456 1302 514 1368 erit
551 1305 664 1389 magis'.
717 1307 805 1392 Ergo
833 1305 1042 1392 prudentissi·

7 1419 8 1426 ’
109 1433 181 1481 mus
204 1405 350 1502 ‘quisque
380 1419 526 1504 princeps
561 1421 674 1498 horum
706 1445 862 1493 armorum
896 1425 1036 1500 omniurn

107 1548 202 1598 usum
232 1533 594 1617 maxime-repudiabit,
626 1537 668 1604 ita
701 1553 737 1605 ut
765 1545 838 1606 curn
869 1559 927 1606 suo
949 1525 1037 1608 exer·

100 1647 175 1713 ‘citu
197 1648 330 1730 iperire,
377 1669 470 1730 quam
499 1652 598 1720 aliena
634 1659 699 1738 ope'
735 1657 861 1724 vinc'ere
886 1648 1037 1740 praelatu·

78 1781 164 1828 rus
187 1764 246 1828 site
270 1771 336 1827 eanl
363 1781 429 1828 non
446 1784 549 1830 veram
578 1768 740 1834 victoriam
769 1769 933 1851 iudicans,
957 1765 1036 1851 quae

103 1897 173 1945 non
198 1877 266 1946 suis
288 1877 440 1945 militibus
463 1894 652 1964 reportetur.
696 1884 789 1951 Haud
814 1885 903 1952 aliter
918 1885 1034 1954 Caesar

102 1995 243 2079 Borgia,
285 2013 377 2078 quem
410 2000 475 2066 rlon
506 1997 628 2068 dubitet
657 2001 768 2068 imitari
802 2003 837 2069 in
869 2002 955 2070 omni
985 2001 1035 2068 vi-

103 2119 141 2182 ta
176 2116 323 2198 princeps
366 2133 485 2184 novus.
549 2117 636 2204 Qui,
676 2137 748 2185 cum
780 2117 873 2186 initio
905 2117 1036 2186 auxilia*

98 2233 176 2309 rias·
198 2232 518 2315 coplas'lrabuisset,
551 2234 781 2320 Gallorumque
821 2255 883 2322 ope
912 2237 1028 2337 Forum

97 2351 283 2420 Cornelium
307 2349 476 2418 etLivium
493 2351 728 2434 cepisset‚urox
740 2354 779 2420 ad
799 2352 1025 2434 mercenarius,

95 2470 131 2534 in
165 2468 281 2551 quibus
310 2468 413 2550 minus
442 2469 598 2551 periculi,
628 2471 842 2552 maioremque
855 2459 953 2540 'fidem
979 2470 1028 2536 in·

95 2603 171 2656 esse,
186 2582 403 2665 intelligebat,
434 2602 472 2648 se
491 2586 649 2651 contulita
675 2599 709 2651 et
722 2586 955 2652 eersinorum
970 2585 1029 2652 Vl·

94 2701 319 2778 telliorumque
340 2711 432 2782 gente
445 2711 478 2763 et
495 2699 664 2764 cllentibus
685 2681 1024 2782 milites'conscnpslu

95 2816 218 2882 Verum
233 2831 305 2880 curn
322 2815 421 2882 hosce
440 2833 569 2898 quoque
589 2833 627 2882 ex
646 2835 706 2882 usu
726 2831 757 2882 et
767 2815 949 2884 tractatione
967 2817 1026 2885 du·

92 2935 188 3016 bion,
208 2931 323 3000 infidos
344 2947 377 3000 et
396 2933 595 3017 periculosos
611 2934 836 3018 cognovisset,
863 2934 896 3000 in
913 2948 1021 3020 poste·

87 3072 159 3120 rum
186 3067 252 3118 non
272 3052 334 3118 nisi
364 3051 499 3119 subditis
527 3053 596 3135 ipse
616 3053 685 3121 suis
707 3051 754 3118 uti
779 3052 893 3121 voluit.
947 3049 1020 3119 Dici

87 3185 192 3237 autern
208 3170 265 3235 vix
285 3183 416 3252 potest,
441 3171 481 3236 ab
503 3189 541 3235 eo
558 3169 631 3236 inde
649 3182 837 3252 temporeut
856 3185 933 3248 opes
950 3167 1020 3232 elue

90 3283 273 3354 creverint·
300 3285 386 3348 luem
404 3285 541 3349 omnium
559 3293 736 3366 temporum
751 3279 884 3348 historia
905 3277 1021 3374 conlita

87 3415 198 3469 mant.

128 3519 240 3598 Itaque
268 3510 397 3580 militiae
418 3511 477 3578 rite
503 3513 660 3579 ordinatae
694 3512 820 3578 nomine
854 3529 920 3580 non
949 3511 1014 3578 nlsi

83 3634 244 3720 propriam
261 3628 679 3714 intelligltMachiavelluai.
696 3650 727 3700 e.
737 3649 826 3715 nur,
837 3649 916 3714 quae
928 3629 1015 3716 prin·

82 3749 337 3834 elpinsubditis,
353 3746 440 3814 clueo
458 3747 524 3814 sint
542 3767 598 3814 seu
614 3749 769 3832 clientes,
790 3763 928 3818 constet.
990 3797 1009 3826 a

123 3864 262 3948 Principi
280 3878 380 3932 autem
398 3865 479 3931 nihil
501 3877 664 3960 tantopere
683 3865 772 3934 cordi
792 3882 867 3934 esse
888 3867 1005 3953 debet,¹

81 3973 175 4067 quani
196 3980 335 4048 militaris
355 3982 538 4068 disciplina,
561 4002 641 4068 quoe
660 3986 728 4052 sola
757 4004 806 4054 ars
831 4001 880 4062 eat
906 3989 1008 4086 impe-J

82 4101 192 4183 rantis,
206 4113 371 4184 tantaeque
379 4102 646 4186 exculentiaemt
655 4120 719 4170 non
728 4107 822 4174 ruodo
831 4123 919 4188 reges
933 4120 1007 4176 sm·
1029 4089 1039 4140 Γ
1071 4089 1075 4098 ’

962 4227 1001 4276 tt·
