2888 5168
174 1761 315 1867 Nullus
341 1799 436 1885 facile
459 1802 666 1892 instulllrll
686 1800 844 1864 literatum
872 1791 1005 1862 historia
1024 1795 1066 1861 li·
1150 1805 1158 1820 '

129 1905 186 2000 ber
213 1907 372 1988 occurrit,
404 1907 495 1991 cujus
523 1917 760 1990 argumentum,
789 1904 825 1974 in
855 1907 979 1976 summa
997 1911 1064 1978 dis·

126 2015 251 2094 serendi
280 2021 431 2108 gravitate
457 2036 489 2088 et
516 2021 668 2092 orationis
697 2022 872 2106 elegantil,
910 2026 1058 2112 majorem
1102 2013 1111 2030 '

45 2147 48 2152 '
127 2141 215 2208 omni
231 2159 309 2206 aevo
329 2137 452 2206 auctori
475 2158 535 2206 suo
561 2139 707 2206 invidiam
734 2139 940 2224 conciliavit,
964 2115 1058 2228 quam

125 2257 404 2326 celebratissimum
446 2253 574 2326 Nicolai
610 2256 812 2344 Mathiavelli
850 2256 905 2326 dal
931 2235 1061 2326 Princi-

121 2394 163 2465 pe
190 2376 394 2459 opusculum.
435 2373 581 2456 Namque
614 2357 821 2442 illustrissimi
848 2375 908 2444 viri
928 2395 1060 2464 exspec-

127 2495 228 2587 tatio,
267 2505 305 2560 ut
341 2494 441 2558 hocce
472 2490 664 2574 sagacitatis.
688 2511 764 2560 suae
787 2505 835 2586 -et
863 2491 1059 2578 -prudentiae

125 2593 274 2698 politicae
296 2611 486 2677 documento
518 2607 650 2688 sesain
676 2608 890 2678 Mediceotum
926 2611 1055 2696 gratiam

125 2729 319 2811 insinuaret,
350 2728 434 2795 adeo.
455 2742 520 2792 non
543 2726 664 2810 expleta
682 2724 765 2808 luit,
797 2738 835 2793 ut
866 2745 1056 2815 perparvum

123 2843 242 2934 ingenii
268 2825 499 2912 et'industriae
527 2843 697 2929 praemium
725 2844 887 2928 retulerit3
930 2820 1056 2930 tamque

122 2960 212 3050 gravi
246 2979 320 3031 cum
354 2960 531 3028 offensione
564 2963 735 3028 multorum
774 2963 891 3028 civium
922 2981 1055 3034 suorum

124 3097 212 3148 suam
242 3079 282 3146 de
301 3096 397 3165 ¹trouu
433 3095 530 3172 regno
562 3078 811 3172 insultationem
842 3080 979 3148 edidisse
1005 3079 1057 3150 vi·
1148 3101 1153 3108 ·
1261 3089 1266 3096 ·

121 3194 237 3278 detur,
259 3208 317 3277 ut,
348 3211 447 3278 paene
470 3195 531 3280 jam
559 3191 706 3260 confecta
731 3196 972 3282 aetate,‹rnod0
999 3193 1057 3258 ati·

121 3289 186 3392 qua
209 3310 383 3392 aequalium
404 3307 583 3376 tumoribus
603 3309 681 3374 fides
698 3307 839 3374 habenda
858 3306 920 3389 sit,
941 3325 1051 3378 eorum
1082 3381 1085 3390 ,

119 3423 193 3490 odia
209 3423 311 3514 adhue
323 3423 466 3488 subierit.
487 3421 819 3504 Et,eum,operibus
842 3436 960 3492 tantum
984 3443 1051 3520 non

118 3535 266 3606 omnibus
299 3547 376 3618 post
407 3547 540 3600 mortem
572 3535 729 3620 vulgatis,
765 3535 855 3604 brevi
882 3541 1051 3610 auctoritas

122 3657 189 3752 eius
210 3650 344 3720 etfama
367 3649 458 3718 valde
487 3666 684 3733 crescerent,
705 3669 779 3718 mox
809 3632 870 3720 una
893 3675 963 3724 cum
993 3677 1052 3744 pa.

21 3754 25 3762 ’
121 3772 225 3838 tronis
256 3770 323 3856 ejus
342 3765 480 3858 ¹plrttirni
509 3766 719 3850 exstiterunt,
755 3751 821 3852 q'ui¹
841 3789 911 3841 eum
943 3773 1051 3844 minus

118 3888 241 3958 ratione
255 3900 490 3983 oppugnarent,
503 3904 596 3970 quam
617 3862 788 3985 maledictis,
804 3903 836 3954 et
853 3891 1051 3968 contumeliis

120 4001 372 4092 proscinderent,
423 4003 569 4102 Quorum
605 4003 639 4070 in
674 4004 886 4091 diversissimo
913 4007 1049 4074 consilio

67 4119 71 4126 ’
472 4095 800 4191 A
924 4101 1053 4210 'eom-⁵·

757 4229 769 4254 .
