2888 5168
400 561 405 566 ·
445 580 490 598 -
514 565 555 627 17
573 541 631 626 -l

1 776 3 782 ,
73 725 231 794 annalibus
255 721 443 809 replicandis
464 729 544 796 adeo
567 743 691 795 omnem
712 725 897 812 diligentiam
917 713 997 798 'cons'-¹

69 841 257 926 sumserint,
283 850 345 923 ut',
368 843 524 910 scribendi
553 843 675 911 tatium
702 842 744 910 ita
769 845 910 929 ferente,
929 845 996 916 sin·

69 961 141 1046 gula
160 965 227 1048 ejus
248 976 340 1045 opera
357 977 422 1026 non
447 973 650 1045 pertractare,
669 959 725 1025 sed
742 961 852 1030 leviten
873 967 996 1030 tantum

64 1075 236 1164 attingere,
259 1069 488 1164 opinionesque
509 1095 581 1145 suas
604 1063 742 1143 indicare
760 1077 880 1162 magis,
903 1095 997 1159 quam

61 1190 185 1261 idoneis
206 1195 392 1279 argumentis
421 1193 574 1278 probare,
597 1191 771 1276 potuerint.
795 1190 995 1273 Rehbergiua

60 1325 166 1376 autem
198 1291 390 1394 praefatione
421 1325 475 1392 et,
499 1329 577 1393 quas
605 1309 738 1393 singulis
755 1305 820 1376 fere
835 1308 996 1394 capitibus

60 1426 200 1508 addidit,
234 1421 578 1510 animaduersionibus,
602 1441 673 1494 tum
694 1426 797 1511 ipsum
821 1424 874 1493 dat
894 1429 995 1495 Prin-

59 1545 127 1630 cipe
162 1543 275 1610 librum
316 1563 355 1610 en
394 1547 529 1626 aetatis,
572 1537 706 1628 populi,
746 1544 886 1613 eumuna
916 1559 996 1610 con·

1 1745 5 1749 ,
61 1660 186 1726 ditione
226 1675 258 1726 et
296 1660 426 1746 ingenio
461 1662 638 1740 illustrare,
680 1673 749 1728 tum
793 1657 998 1728 Machiavelli

54 1773 233 1836 doctrinam
273 1776 314 1837 ad
353 1777 433 1856 justi
478 1776 626 1854 utilisque
668 1789 812 1836 normam
850 1771 996 1853 exigere,

53 1902 91 1953 et
123 1888 263 1949 omnium
286 1901 461 1964 temporum
489 1889 635 1950 memoria
661 1883 830 1964 repetenda
861 1885 913 1950 vel
946 1903 997 1951 ro·

54 2003 164 2070 futare
181 2003 231 2067 vel
252 1991 458 2086 confirmate,
492 1991 559 2062 tuna
587 2015 684 2078 vero,
717 1995 823 2066 oblata
853 2001 995 2092 occasio.

54 2141 125 2200 ne,
159 2115 407 2201 degravi'ssimis
426 2115 493 2196 ipse
517 2115 610 2180 rebus
632 2115 815 2197 disputans,
836 2113 994 2184 inanimo

52 2229 213 2306 hanniae*
237 2225 387 2321 Quorum
414 2231 488 2298 haec
517 2247 553 2297 ut
587 2219 709 2328 diversa
735 2232 826 2315 plane
853 2221 993 2300 suntab

51 2357 120 2438 iis,
144 2373 224 2438 quae
233 2353 300 2437 ipsi·
313 2351 434 2435 scripto
446 2353 629 2418 hocnostro
648 2363 846 2434 spectamus,
868 2341 993 2418 itaillo-

51 2457 131 2538 rum
173 2471 256 2536 haud
283 2489 382 2552 pauca
417 2468 605 2536 retractanda
641 2469 807 2537 videntur:
838 2466 992 2550 maxime,

52 2609 96 2658 ex
140 2607 205 2671 quo
237 2587 436 2655 Machiavelli
464 2587 531 2652 vita
560 2585 687 2669 cognita
717 2601 766 2654 est
793 2583 993 2668 diligentius,

51 2699 335 2784 nonnullaque-‘e
377 2702 513 2768 tenebris
554 2702 587 2766 in
629 2704 729 2768 locem
773 2699 857 2767 edita
894 2712 995 2781 sunt,

53 2839 149 2906 quae
204 2819 396 2886 occasionem
438 2833 470 2884 et
512 2817 712 2901 consilium
764 2817 879 2901 q'uibus
915 2815 995 2882 liber

50 2938 293 3021 scriptus‘est‚
316 2937 439 3020 egregie
459 2927 658 3028 patefaciunt.
676 2977 691 2986 ,.
703 2937 894 3022 Quicunque
907 2933 994 3003 deni·

49 3076 125 3139 que
142 3066 251 3122 nostra
272 3067 372 3121 aetate
388 3056 465 3120 hanc
481 3045 541 3120 sibi
561 3054 934 3134 materiam-sumserunt·3
953 3054 1000 3120 de·

49 3169 199 3241 auctoris
224 3172 380 3254 consilio,
402 3186 434 3238 et
452 3171 632 3254 doctrinae,
654 3175 802 3256 inopere
826 3169 879 3236 dcl
896 3168 997 3232 Prin·

44 3296 124 3380 cipe
164 3290 344 3372 expositae,
376 3305 447 3354 cum
476 3288 553 3369 illa,
585 3307 666 3370 quae
697 3289 730 3350 in
754 3278 999 3364 quaestionibus.

45 3403 210 3474 Liuianis
229 3404 441 3476 traditur,vel
464 3401 683 3466 convenientia
701 3397 752 3462 vel
769 3396 991 3481 repugnandi-3

44 3539 126 3590 non
151 3517 257 3584 minus
293 3531 385 3598 quam
418 3525 506 3578 autea
539 3505 739 3582 dissentiunt.
819 3553 822 3562 .
927 3551 933 3560 ·

110 3755 160 3821 In
188 3753 274 3816 tanta
301 3747 399 3834 igitar
429 3739 700 3831 libroromdoui
728 3747 767 3813 de
798 3744 993 3818 Machiansl·

44 3877 83 3941 lo
125 3881 252 3954 agunt,
293 3859 393 3949 oopls'
412 3881 452 3932 ec
478 3883 555 3932 veno
595 3857 803 3950 praestantiiss
851 3867 993 3936 lioellum

40 3981 187 4058 tamen
210 3978 387 4067 ‘seqaneua't
435 3979 494 4050 alr
520 3979 716 4063 Heusdius,
750 3981 824 4066 'qui
863 3975 990 4050 haberet

1 4135 3 4244 J
40 4101 267 4202 propositum
295 4100 383 4188 quasi
409 4100 500 4172 finem
527 4117 559 4170 et
582 4115 776 4186 extremm,
804 4089 992 4186 opusculum
