2888 5168
757 403 934 484 ..56-

390 582 557 668 mquoties
578 580 739 664 evenerit,
760 593 797 648 nt
813 581 885 650 Rex
909 592 1053 668 mortuus
1073 581 1136 666 sit,
1158 598 1216 650 nec
1236 576 1324 652 filiis

388 701 527 784 relicus,
554 717 657 782 neque
681 696 745 783 iis,
770 697 826 781 qui
853 698 915 766 sibi
945 697 978 764 in
1003 697 1121 782 privam
1146 697 1329 768 hamodita·

386 830 454 888 tetn
485 818 705 897 succederent,
754 832 863 882 omnes
894 817 961 902 ejus
1002 815 1120 882 reditus
1159 834 1328 898 omneque

382 933 611 1038 'patrimonium
646 947 742 1018 regno
773 941 946 1000 cesserunt.
988 931 1060 1001 Hoc
1088 945 1120 998 et
1149 930 1224 998 olim
1250 941 1331 999 san·

387 1048 465 1136 pius
487 1051 550 1135 jam
570 1048 699 1118 accidit:
728 1049 811 1116 unde
835 1067 908 1114 cum
931 1048 991 1114 alia
1017 1047 1145 1132 imperia
1172 1048 1329 1116 Franciae

388 1165 536 1252 adjuncta
567 1181 662 1248 sunt,
694 1178 761 1232 turn
794 1163 1028 1248 Andagavensis
1069 1165 1158 1232 ducis
1195 1179 1328 1232 terraer

391 1294 426 1348 et
456 1301 593 1364 rursus,
629 1282 692 1348 hoc
723 1281 810 1366 Rege
839 1293 990 1363 mortuo,
1019 1281 1196 1362 obtinebit,
1220 1281 1328 1363 nui,
1430 1347 1431 1372 i

387 1394 608 1480 anement,
635 1396 782 1465 Franciae
799 1411 832 1464 et
852 1397 1025 1466 Mediolani
1051 1397 1223 1464 dominium
1247 1397 1331 1462 Au·
1427 1441 1428 1444 ,

388 1512 499 1582 celiani
516 1514 590 1582 duci
609 1514 776 1598 aliquando
795 1514 961 1598 relinquet.
992 1493 1097 1582 Hodie
1116 1512 1211 1598 igitur
1229 1531 1331 1596 prae·
1427 1513 1428 1520 ’

387 1630 502 1717 clpuae
525 1651 670 1716 quaeque
695 1632 729 1698 in
760 1631 862 1700 Gallia
891 1645 989 1727 tetrae
1014 1649 1081 1698 non
1108 1629 1147 1696 ad
1162 1627 1328 1712 privatos
1426 1717 1427 1728 ἵ

388 1749 536 1834 nobiles,
560 1751 616 1817 sed
634 1751 674 1816 ad
698 1767 847 1832 regnum,
865 1748 1034 1832 pertinent.
1125 1795 1130 1808 .

432 1868 543 1934 Altera
563 1885 661 1946 etque
679 1865 858 1946 gravissima
879 1863 1042 1928 Gallorum
1058 1859 1215 1944 potentiae
1229 1879 1341 1929 causa-

389 1977 483 2048 inzeo
511 1975 685 2060 quaerenda
711 1974 854 2056 videtur,
881 1975 969 2057 quod
997 1993 1068 2040 cum
1092 1987 1180 2042 antea
1211 1995 1328 2044 eorum

389 2094 492 2186 patrie
509 2111 691 2178 magnorum
707 2093 895 2168 vasallorum
915 2092 1082 2160 insolentia
1098 2094 1175 2159 adeo
1193 2094 1328 2178 agitare.
1426 2091 1427 2128 t

338 2279 342 2288 .
390 2229 467 2295 tut,
487 2226 525 2278 ut
542 2211 628 2278 illius
649 2208 740 2290 quies
759 2208 797 2274 ab
819 2227 925 2276 eorum
944 2210 1072 2276 arbitrio
1090 2231 1218 2293 prorsus
1243 2232 1328 2296 pen·
1426 2227 1427 2264 l

389 2329 500 2411 deret,
532 2326 580 2392 uti
602 2321 791 2406 Aquitaniae
819 2339 850 2390 et
883 2326 1060 2394 Borboniae
1089 2329 1186 2394 duces
1211 2329 1327 2396 multis

388 2444 576 2533 regionibus
616 2439 820 2511 sollicitandis
859 2420 952 2524 saepe
992 2443 1184 2526 docuerunt,
1226 2447 1328 2514 hodie
1426 2478 1427 2482 ¹

387 2561 561 2632 contrahi
594 2576 702 2626 omnes
730 2557 927 2628 fidelissimos
961 2561 1042 2646 regis
1075 2561 1219 2632 subditos
1250 2583 1325 2632 sese

389 2685 583 2768 praestenn'
1426 2679 1427 2692 ¹

436 2797 557 2880 Neque,
578 2793 763 2862 vasallorum
785 2808 904 2860 tantum
931 2797 1113 2864 insolentiae
1139 2801 1326 2870 Francicum

393 2910 561 2994 imperium
581 2911 656 2976 olim
678 2926 833 2995 perpetuo
859 2914 1033 2995 expositum
1054 2932 1137 2997 erat,
1157 2919 1327 2986 sedetiam

391 3025 561 3114 proximus
572 3024 707 3110 quisque
720 3027 841 3094 vicinus
859 3031 1003 3112 Princeps
1020 3029 1162 3096 facillime
1181 3032 1260 3098 illud
1274 3034 1327 3099 in·-

397 3144 511 3214 vedere
522 3156 657 3228 poterat.
684 3144 812 3227 Semper
823 3147 902 3210 enim
913 3159 966 3210 aut
978 3145 1149 3214 Britanniae
1160 3149 1332 3232 autnqut·

395 3260 498 3328 cuniae
517 3273 571 3326 aut
590 3249 788 3345 Burgundiae
803 3276 856 3328 aut
877 3263 1035 3329 Flandriae
1052 3266 1116 3332 dux
1134 3269 1329 3352 aggredienti

387 3372 520 3444 ¹facilem
539 3376 682 3457 aditum,
708 3377 892 3462 regredienti
913 3394 1017 3456 tutum
1037 3385 1214 3467 perfugium
1233 3406 1325 3468 prae-

396 3491 513 3564 bebant
533 3489 605 3578 (1).
648 3494 745 3579 Quod
773 3511 839 3564 tum
869 3497 1001 3566 maxime
1028 3507 1219 3580 compertum
1251 3518 1324 3584 est,

392 3628 469 3676 curn
489 3609 586 3689 Angli
606 3621 637 3669 et
656 3609 765 3674 Franci
785 3611 823 3674 de
844 3611 964 3682 Galliae
992 3613 1120 3694 imperio
1153 3613 1330 3685 betocer,

387 3732 508 3796 ament.
551 3719 602 3790 Illi
626 3720 708 3790 emm
729 3741 786 3806 per
812 3726 985 3798 Britanniae
1008 3730 1118 3798 ducem
1146 3729 1229 3818 Regi
1253 3752 1326 3802 nro·

1263 3849 1326 3921 lct-

427 3959 474 4042 (1)
490 3961 538 4024 Cle
549 3964 661 4048 mino
677 3967 724 4072 del
737 3971 944 4054 Principeetp·
960 3965 1016 4028 lv·
