2870 5160
510 521 558 542 ···
577 502 640 573 flii
658 523 711 541 ····

148 670 237 740 nicae
261 667 422 738 omniun
447 636 607 735 veritatem
636 679 668 735 et
690 665 931 740 ‘sublimanten
945 687 986 739 ne
1004 677 1072 742 sni

150 783 290 878 epicanis
303 781 425 870 qoid'c'nr
435 780 507 851 'esse
526 779 674 865 videtur,
688 784 738 850 ita
753 785 859 854 tamen
874 786 1071 872 neophitos

149 901 286 990 quoque*
296 899 413 972 differt.
431 923 434 932 ’
456 900 502 968 Hi
527 900 609 972 enim
634 900 750 986 ingenii
772 902 901 976 acumdi
930 905 981 972 vei
997 905 1072 974 'elo-

149 1017 292 1104 quentiae
311 1019 467 1088 iactandas
485 1016 617 1086 causi
605 1036 642 1084 rn
668 1033 833 1102 utramque
860 1031 996 1104 partem
1006 1019 1071 1092 dis·
1175 1013 1177 1020 ’

145 1151 278 1221 putare,
315 1138 369 1202 vel
401 1151 511 1200 omnes
537 1130 670 1200 virtutis
699 1135 846 1206 notiones
877 1135 1069 1210 confundere

145 1254 310 1337 solebant,
330 1252 377 1320 ita
394 1266 431 1320 ut
447 1253 564 1324 iustum
584 1250 756 1335 iniustum,
772 1252 934 1322 iniustum
957 1265 1070 1324 contra

143 1369 261 1438 iustum
283 1383 451 1439 vocarent.
506 1369 560 1437 Ab
585 1369 643 1438 hac
675 1377 778 1438 antem
810 1370 983 1440 ιιιιιίιιιι
1015 1369 1070 1442 vei

144 1487 321 1572 ignorantia
348 1487 467 1555 alimus
499 1501 549 1554 est
576 1487 817 1556 Machiavellos‘.
857 1489 996 1574 ipsam
1012 1487 1068 1558 ine

140 1605 274 1672 boniet
300 1605 372 1670 mcii
392 1605 557 1672 discrimen
586 1604 663 1672 adeo
689 1621 755 1670 nora
780 1602 886 1684 tollit,¹
921 1618 960 1673 ut
982 1623 1066 1688 pro·

141 1721 185 1789 bo
213 1717 333 1788 homini
361 1720 444 1790 vitae
475 1720 612 1804 privatte
645 1719 854 1787 innocentiam
880 1719 983 1804 longe·
1008 1721 1065 1790 teli
1125 1775 1129 1786 .

140 1837 263 1922 imperii
281 1834 540 1904 administrationi
554 1837 802 1920 anteponeminm
820 1845 890 1905 esse
907 1835 1061 1922 affirmet,

139 1973 219 2038 quae
262 1971 334 2019 com
370 1955 480 2036 magni
514 1951 694 2018 crudelitate
717 1950 882 2020 'interdum
909 1953 1063 2040 coniungi

137 2071 247 2139 debeet
267 2067 349 2154 (r)c
385 2069 441 2136 sed
468 2067 546 2135 niun
565 2069 677 2150 docet,
705 2083 815 2136 artem·
832 2067 957 2138 civilem
986 2087 1060 2140 cum

136 2186 252 2252 virtute
272 2187 398 2268 penitus
419 2184 569 2270 coniungi
597 2190 758 2274 nunquam
774 2167 904 2269 posse,
932 2200 1060 2273 etgste·

133 2301 264 2388 pissime
280 2317 378 2370 totam
400 2301 474 2368 huic
494 2309 688 2386 repugnator
714 2300 887 2386 principem
910 2301 1059 2387 ignoret

131 2419 266 2485 civitatis
285 2427 453 2500 rectorcsp
479 2419 601 2488 sibene
628 2438 764 2504 regnare
792 2417 911 2502 veiint,
939 2415 1056 2488 utilite·

131 2524 194 2602 tem
206 2531 280 2600 iere
297 2532 456 2598 'honestati
476 2534 629 2612 praeferre
641 2532 771 2598 debere.

163 2635 263 2737 {Quae
276 2655 347 2714 con
366 2645 515 2728 insint,
535 2663 670 2730 comque
690 2644 794 2714 omnia
821 2645 855 2712 in
875 2644 964 2714 Itelii
984 2663 1055 2714 cor·

127 2769 223 2852 'nupta
252 2779 380 2847 essent,
409 2779 489 2844 quae
510 2761 601 2830 unica
617 2761 697 2828 bene
720 2760 877 2830 ordinatae
902 2777 935 2830 et
953 2779 1054 2838 more·

129 2901 180 2954 tae
195 2885 340 2962 civitatis
357 2881 556 2950 fundamenta
576 2880 643 2969 iure
664 2891 852 2963 censentur,
869 2877 960 2948 facile
979 2880 1053 2955 inde

127 3003 301 3084 efficimus,
331 2999 406 3067 vitia
416 3009 434 3081 ,'
462 3015 548 3081 puae
578 2997 653 3064 artis
681 2995 783 3064 civilis
812 2999 987 3084 praeceptis
1018 3011 1051 3071 et

126 3121 264 3205 gentium
291 3117 445 3185 institutis
470 3115 689 3197 inhaererent,
718 3115 874 3182 emendari
898 3133 964 3182 non
990 3133 1051 3198 μοι,

100 3237 103 3248 “
125 3235 248 3302 tuisse:
270 3233 412 3315 qtiamvis
431 3232 482 3299 illa
496 3248 529 3298 et
538 3232 698 3304 Platonica
707 3231 870 3318 sagacitate
883 3247 1050 3312 perspexe-

124 3354 168 3424 rit
185 3365 216 3419 et
232 3350 350 3418 sincere
369 3345 563 3432 exstinguere
582 3359 713 3418 conates
739 3345 782 3414 sit
802 3345 1048 3438 Machiavellose

121 3471 181 3540 sed
201 3484 303 3541 tamen
322 3462 476 3532 emendari
496 3481 561 3530 non
582 3462 725 3548 potuisse
750 3461 789 3528 ab
810 3462 891 3532 itan
919 3462 1045 3548 ingenie

119 3603 154 3656 et
167 3579 529 3667 eiusnegionisiocolt,
549 3583 586 3651 in.
603 3579 672 3668 qud
683 3595 838 3670 perperna
847 3579 1043 3668 probitatis,

120 3707 279 3792 religionis
296 3717 327 3770 et
345 3697 532 3788 prudentiae
549 3699 651 3778 civilis
663 3696 827 3764 disiunctio
846 3695 1041 3782 obtinueras,

121 3822 176 3891 red
189 3843 212 3886 a
226 3821 422 3889 Germanicis
438 3830 562 3886 tanturn
578 3815 778 3902 gentibus,
764 3835 799 3880 en
815 3814 1041 3902 quibusnam·

119 3977 130 3991 r
855 3951 858 3958 '
963 3942 1040 3988 r·

154 4029 196 4102 (ι)
215 4029 288 4083 Haec
312 4028 466 4090 doctrinae
488 4021 667 4082 nachiavello
689 4025 780 4096 paucis
800 4027 889 4092 verhia
904 3937 1040 4116 0¹me-

123 4127 189 4194 int.
214 4135 283 4192 qnae
299 4115 358 4190 p'ap
349 4115 435 4180 ιιι
451 4115 557 4173 notai
573 4100 746 4181 laudarim'ns
833 4135 837 4145 ¹
