2858 5166
435 541 642 612 -.·.„,.-.

65 722 188 774 tntsse.
206 725 301 789 eunt,
335 723 369 773 se
400 707 480 774 tali
477 685 638 790 pre—rituti,
676 708 754 775 nihil
780 711 864 793 quo'd
894 713 1003 780 honori

68 834 260 906 magnopere
278 822 466 888 contrarium
478 836 585 905 esset,
612 809 828 930 perpetrasse,
846 807 1000 913 'suspicati

66 935 181 1004 licet.
178 937 318 1020 Operae
335 937 468 1020 pretium
484 951 554 1022 est,
585 951 623 1002 ut
642 923 812 1020 aequalium
835 943 999 1026 opiniones

60 1051 194 1118 deiide
221 1054 372 1120 servinda
399 1069 429 1120 et
455 1053 629 1122 honestate
640 1057 767 1122 utilitati
798 1058 997 1140 praeferenda

60 1169 199 1235 melius
196 1148 444 1254 cognoscamus,
461 1171 700 1238 Machiavellum
721 1173 895 1254 audire,1n
915 1174 998 1258 epis

58 1285 144 1350 tulis
155 1286 201 1351 ad
222 1285 406 1368 familiam,
429 1285 684 1354 Guicciardinum
706 1288 909 1372 maxime,de
928 1282 992 1358 lte·

57 1396 113 1481 gis
144 1400 322 1482 captiuum
352 1414 387 1467 et
421 1402 621 1467 ulterioribus
656 1402 797 1468 consiliis
830 1405 994 1488 disputan·

56 1528 139 1582 rtem.
157 1511 219 1582 'Ille
232 1515 331 1602 igitur
339 1519 453 1586 nullam
476 1534 596 1583 causam
617 1519 724 1600 videt,
745 1539 802 1584 cur
814 1507 986 1602 Imperator

54 1632 182 1716 Regem
201 1633 235 1700 itt
258 1632 430 1700 libertatem
457 1635 620 1700 restituat:
646 1636 708 1700 nisi
730 1637 799 1719 ejus
818 1637 989 1728 consiliarii

55 1749 228 1815 Gallorum
239 1768 315 1816 auro
333 1751 452 1833 (quiea
467 1751 501 1814 in
519 1770 551 1814 re
561 1752 716 1816 excellunt
730 1750 990 1832 plane)corri1m·

52 1877 197 1948 pantur,
213 1878 266 1930 aut
283 1865 373 1949 lpse,
399 1865 514 1930 ¹videns
541 1880 654 1932 arctam
677 1864 784 1930 Italiae
813 1878 845 1930 et
865 1853 986 1932 Galliae

50 1983 340 2068 conjunctionem,
362 1982 478 2048 vietum
498 1969 654 2048 aemulum
671 1981 986 2050 eacondltionelibe-

52 2114 130 2182 ret,
152 2115 187 2166 ut
198 2101 276 2165 hanc
288 2099 438 2165 dissolvat
451 2100 521 2183 (1).
566 2145 587 2181 „
601 2099 693 2182 Rex,
710 2100 774 2181 ait,
793 2119 812 2165 a
829 2119 887 2165 sua
900 2106 987 2184 parte

56 2263 78 2300 „
100 2217 248 2284 lubenter
256 2217 358 2282 onnia
368 2216 544 2299 promittet:
562 2230 614 2298 et,
629 2217 657 2282 si
666 2235 775 2301 sapere
786 2219 875 2301 velit,
887 2219 988 2286 Oaro-

54 2379 78 2416 „
99 2336 166 2399 lum
184 2335 223 2399 ad
240 2333 379 2416 ineptum
400 2334 565 2398 consilium
576 2325 729 2417 pelliciet:
753 2336 810 2403 sed
820 2337 899 2400 nolit
910 2327 983 2418 quis

53 2493 77 2531 „
97 2449 243 2532 eredere,
274 2465 348 2513 eunt
385 2466 491 2530 sapere
526 2450 618 2516 velle.
665 2449 772 2515 Causa
807 2451 902 2533 huius
936 2449 981 2515 rei

53 2611 76 2647 „
97 2581 172 2646 ose,
205 2565 293 2648 quod
325 2565 368 2630 ad
405 2567 487 2629 nune
527 2583 630 2644 usque
672 2565 753 2628 diem
783 2579 905 2646 semper
932 2564 981 2628 in-

52 2731 74 2768 „
96 2682 224 2760 tellexi,
238 2697 440 2763 quaecunque
452 2680 624 2762 Imperator
632 2678 733 2759 capiat
749 2696 894 2760 perversa
902 2697 982 2743 con·

49 2845 74 2883 „
94 2799 188 2877 silit,
200 2798 444 2878 haecnunquam
464 2796 493 2860 ei
510 2812 871 2878 nocere3quteeumque
899 2811 975 2860 vero

48 2962 73 3002 „
94 2917 167 2984 Rex
199 2912 325 2995 inierit,
357 2929 515 2994 nunquam
546 2912 608 2996 ipsi
637 2909 808 2995 profuisse.
854 2911 973 3015 Stulte,

49 3081 72 3118 „
91 3034 141 3098 uti
156 3033 221 3119 jam
250 3031 455 3112 monuimus,
488 3045 558 3112 aget
582 3026 772 3113 imperator,
798 3004 826 3096 si
851 3005 973 3114 Regem

49 3195 71 3234 „
92 3151 244 3218 dimittat:
271 3151 441 3250 prudenter
465 3145 556 3230 Rex,
583 3145 611 3219 si
640 3145 766 3230 quidvis
798 3133 976 3229 spondeat,

49 3268 187 3354 „modo
209 3267 290 3344 liber
316 3269 443 3332 enudata
476 3279 509 3332 et
533 3279 655 3344 umen,
688 3265 836 3348 quostiam
866 3260 974 3324 Fran·

47 3431 69 3470 ,‚
87 3389 187 3453 circus
204 3383 357 3469 promissa
385 3395 566 3447 servaturur
587 3395 653 3459 est,
675 3378 758 3461 regis
781 3393 874 3444 eausa
896 3364 969 3462 pes·

44 3547 67 3586 „
88 3502 193 3586 sima,
221 3493 421 3582 Imperatoris
441 3493 559 3580 optima
578 3491 662 3560 fiet”
681 3493 752 3579 (a).
902 3559 905 3572 ,
968 3552 972 3565 ,

751 3663 755 3670 .
866 3654 870 3664 .
908 3612 971 3679 Ea·

75 3767 119 3840 (ι)
138 3739 277 3836 ΙςιοωίιΙ
299 3760 511 3828 Machitrellnn,
538 3761 611 3833 quod
627 3745 747 3816 noireto
770 3743 890 3844 tempote
912 3778 969 3836 nora

45 3859 157 3926 potuit,
172 3853 278 3908 Galliae
292 3872 381 3922 regem
391 3839 472 3922 regno
488 3869 544 3904 nese
556 3853 680 3907 abdicare
695 3852 832 3918 voluisse,
850 3839 963 3926 eumque
1044 3923 1049 3932 .

46 3945 250 4002 renuntiationis
263 3951 352 3997 actum
371 3947 424 4012 jam
447 3943 622 4012 subsignare.
656 3941 761 4014 Quare
777 3943 897 4000 eremi·
912 3963 964 4003 vo-

47 4037 131 4091 lunta
151 4051 264 4104 prorem
278 4038 377 4086 mutat·
393 4041 443 4087 eat.
460 4033 504 4086 Cf.
514 4033 718 4096 Robertronnr‚
736 4031 788 4085 Li.
804 4051 833 4102 p.
856 4031 916 4094 nst.

77 4130 121 4201 (a)
141 4127 186 4183 Cf.
193 4123 287 4195 Epist·
296 4121 405 4179 val.
425 4122 647 4185 §annitentem
666 4121 759 4178 foedat
774 4113 834 4178 ltex'
851 4127 966 4194 propiet
1032 4167 1036 4172 .

925 4213 966 4264 ss·
