2870 5160
469 523 684 589 -ιις-ι

101 689 264 784 nondun
255 703 300 784 ata
316 686 536 768 cassasse,
556 700 772 772 utapnecepta
783 705 844 758 sua
858 689 1037 778 mplusad

102 823 215 876 ιοιιιιιι
245 805 448 888 pravitatem
443 804 742 882 accommodaverit.
785 806 880 891 Quod
904 810 1034 882 utinen

103 921 237 1008 omnino
254 924 450 1007 negamus(1
439 920 498 1004 ι),
521 922 571 988 lta
584 921 748 988 dicendum
763 937 941 1008 tameuest,
962 947 1034 1012 pet·

100 1060 194 1114 ιιιιι
214 1037 413 1116 Maohlavelli
428 1038 539 1122 placita
557 1052 670 1106 cuncta
688 1040 726 1104 ab
744 1059 781 1108 ιο
797 1040 953 1125 principio
974 1043 1033 1112 flu·

97 1157 219 1246 mlsse,
240 1154 477 1240 quoregnandi
503 1155 560 1222 arti
588 1169 618 1222 ct
638 1156 814 1226 necessitati
847 1159 1032 1256 omnisho-

100 1274 330 1346 nestascederc
346 1272 449 1340 debet.
473 1272 558 1338 Hinc
579 1273 658 1340 enim
681 1273 902 1356 repetendum,
924 1275 1030 1360 ipsunt

95 1392 265 1458 nonnullas
282 1404 405 1458 tantum
420 1389 553 1460 virtutes
564 1389 595 1458 ln
605 1389 748 1474 principe
765 1410 826 1488 suo
841 1395 1029 1482 postulare,

93 1507 327 1592 quae⁷=quidern
354 1509 393 1574 ad
418 1505 506 1592 regni
524 1507 771 1576 *diuturnitatem
793 1511 1024 1596 conducerent,

9 1711 11 1720 J
90 1643 262 1706 earumque
291 1627 367 1692 adeo
398 1623 509 1691 umbri
530 1637 712 1690 contentum
740 1641 829 1692 essee
863 1626 903 1690 iis
923 1642 1029 1696 cutem

91 1740 208 1821 vitiis,
240 1721 320 1822 quae
348 1741 387 1806 ad
413 1741 591 1824 imperantis
620 1741 820 1808 commodum
856 1742 1030 1814 necessaris

90 1871 187 1936 suns,
200 1855 278 1924 'sine
295 1857 359 1922 ulla
379 1855 582 1922 haesitatione
604 1855 799 1940 principem,
817 1857 1028 1940 utiisindul·

89 1989 162 2058 gest
174 1971 323 2053 ,iuberes
347 1974 466 2054 reliqua
476 1972 611 2054 denique
635 1972 712 2040 vitia
727 1987 760 2038 et
777 1974 930 2056 virtutes,
944 1993 1026 2060 quae

83 2093 204 2162 nullam
222 2091 354 2159 habeant
370 2109 439 2156 cum
456 2089 603 2173 regnandi
623 2089 725 2158 officio
743 2089 1022 2176 coniunctionem,

83 2209 171 2278 nihil¹
186 2227 314 2298 curare,
337 2209 392 2274 sed
410 2206 737 2291 principumarbitrio
756 2206 947 2292 permittere.

94 2373 99 2382 .
128 2325 192 2396 Isti
209 2338 323 2396 :autem
350 2321 516 2404 opinione,
563 2327 625 2406 qud
656 2326 758 2389 omnis
788 2325 937 2394 honour
970 2344 1020 2392 re·

84 2442 250 2522 linquitur,
265 2451 403 2522 propter*
435 2439 578 2510 utilitatis
617 2440 778 2524 speciem,
809 2455 850 2508 ut
879 2461 1019 2512 exsecre-

82 2571 139 2622 tus
161 2556 221 2622 iarn
252 2575 316 2622 earn
347 2570 394 2622 est
416 2557 588 2636 Socrates,
619 2555 662 2620 ita
678 2575 712 2618 re
734 2557 809 2620 veri
836 2556 923 2636 nulla
943 2577 1025 2642 pene

81 2661 126 2738 tis
156 2671 254 2736 maior
283 2671 317 2735 in
338 2670 431 2736 vitam
465 2669 629 2734 hominum
658 2669 788 2734 invasit·
836 2713 858 2754 „
889 2673 941 2741 Ex
959 2675 1025 2742 huc

88 2835 113 2874 „
134 2791 217 2856 enim
239 2789 324 2856 utilis
343 2802 374 2852 et
383 2788 508 2856 honmti
528 2782 731 2853 distractione
747 2784 853 2869 sicae,
874 2805 1024 2870 verrent,

84 2951 107 2992 „
134 2902 211 2975 falsa
233 2919 416 2978 testamenta
440 2919 631 2970 nascuntur:
660 2905 734 2970 hinc
759 2901 868 2988 furta,
888 2907 1016 2991 pecula-

83 3071 105 3106 „
128 3036 201 3104 tus,
231 3022 434 3104 expilationes
460 3022 713 3106 direptionesque
732 3023 889 3092 sociorum
914 3039 946 3092 et
968 3023 1015 3092 ci·

83 3188 106 3225 „
125 3141 233 3207 viumc
253 3139 324 3206 hinc
343 3159 440 3232 opum
467 3139 629 3206 nimiarum
649 3140 807 3224 potentiae
821 3161 887 3210 non
907 3139 1021 3208 feren·⁴

80 3306 103 3344 „
126 3258 201 3337 dae,
216 3269 376 3337 postremo
395 3255 487 3322 etlam
507 3255 539 3320 in
558 3254 861 3346 liberiscivitatibus
880 3271 1012 3340 regnam

81 3363 158 3460 ,di
184 3373 324 3438 existunt
341 3372 552 3454 cupiditates,
575 3374 691 3457 quibus
711 3373 792 3438 nihil
815 3389 872 3436 nec
896 3371 1010 3442 tetrius

78 3493 102 3602 ,',
124 3508 183 3558 nec
195 3486 320 3559 foedius
333 3479 717 3584 excogitaripote'st(2).”
737 3485 797 3552 His
809 3477 912 3552 verbis
924 3505 1010 3570 egre*

78 3609 129 3693 gie
153 3591 348 3676 necessarios
375 3603 581 3688 turpissimae
604 3604 699 3672 huius
731 3603 910 3672 doctrinae⁸¹
903 3597 1009 3670 elice

78 3739 132 3789 tus
152 3722 347 3792 memoravit
363 3723 503 3804 Cicero,
499 3741 619 3816 quam
639 3740 705 3788 non
725 3721 844 3788 invenit
867 3720 1008 3794 Maenia·

76 3840 202 3921 vellus,
229 3853 283 3905 aut
304 3838 415 3960 ceteris
438 3839 620 3920 aequalibus
639 3838 736 3924 magis
754 3839 1004 3923 commendavit,

92 4149 101 4186 ι
115 4109 245 4184 (¹239ss
255 4110 353 4178 ’Μ
342 4127 402 4192 rpu
416 4115 513 4196 pereira
462 4040 647 4180 wlmare
661 4130 687 4173 e.
701 4131 728 4184 g,
744 4113 819 4183 σιμ,
823 4113 938 4176 xvm.
1017 4143 1022 4164 .
1105 4091 1108 4100 ¹

118 4200 160 4275 lt)
179 4199 252 4260 snae
263 4200 348 4282 rerba
360 4199 482 4257 Panaetii
491 4189 569 4275 apud
571 4204 662 4262 Cicer.
672 4205 705 4262 cle
716 4208 770 4280 Off.
779 4204 821 4262 [ιι
826 4205 884 4270 lll
891 4202 929 4262 ,0.
937 4194 1028 4256 vlt-r

538 4295 564 4366 Ρ,

920 3958 1108 4026 een:
