2888 5168
497 465 550 495 1-
571 453 610 522 ⁵⁷
630 467 679 487 ι-

123 615 228 686 Ιιιήιι
246 591 411 686 atalanta
436 615 631 704 Burgundiae‘
645 613 754 686 tonna
770 619 854 702 dux,
870 619 942 690 vite
960 613 1042 702 aila,

124 733 279 802 Boabonii
320 731 409 800 ducis
442 753 525 818 ope,
542 786 545 794 ,
563 737 688 819 Angloa
720 736 898 810 lacessebat.
930 737 1051 806 'Hodie'

66 897 69 904 «
121 869 201 920 ueto
243 849 420 931 Britannia,
465 845 655 934 Aquitania,
700 853 855 922 Borbunia
886 855 1050 939 majorque

126 967 325 1052 Burgundiae
339 975 412 1050 pais
429 986 502 1034 cum
518 969 644 1035 Francia
661 967 857 1036 coaluerunt:
882 985 1050 1051 earumque

127 1082 289 1166 regionum
315 1084 435 1152 incolae
459 1085 535 1152 adeo
565 1085 671 1152 fideles
700 1085 800 1168 Regis
819 1085 937 1152 subditi
955 1099 1049 1166 aunt,

126 1209 251 1266 utnon
271 1201 374 1266 solum
395 1201 489 1286 huius
516 1201 662 1268 hostibus
690 1215 756 1268 non
787 1200 964 1269 auxiliaturi
996 1200 1052 1268 sed

127 1328 255 1384 strenue
273 1319 350 1386 adeo
376 1319 514 1386 restituti
538 1334 654 1387 essent.
699 1319 766 1386 Tot
782 1318 878 1405 igitur
898 1336 979 1386 nova
993 1319 1051 1385 inr-
1108 1371 1110 1378 ,

125 1429 212 1513 peria
228 1433 276 1500 uti
294 1450 397 1517 regem
415 1450 590 1518 auxerunt,
612 1434 655 1502 ita
671 1436 779 1502 hostes
800 1439 867 1522 ejus
876 1434 1050 1520 fregerunt.
1133 1477 1136 1484 .

132 1613 135 1623 .
169 1547 324 1631 Accedit,
346 1551 434 1632 quod
461 1553 560 1618 hodie·
577 1553 815 1638 locupletissimi
841 1565 873 1618 et
900 1551 1054 1634 potentis·

131 1663 203 1730 simi
245 1665 390 1736 Francius
425 1667 549 1734 nobiles
579 1668 656 1752 regii
695 1667 854 1752 sanguinis
888 1680 921 1731 et
947 1664 1055 1746 stirpis

133 1792 223 1846 sunt.
254 1781 386 1864 Itaque,
415 1781 576 1846 exstinctis
595 1782 658 1863 iia,
685 1780 741 1863 qui
760 1779 876 1864 potiori
894 1779 965 1863 jure
983 1783 1058 1864 gatl-

132 1895 230 1976 tlent,
257 1897 292 1964 in
321 1915 450 1980 regnum
476 1899 658 1963 succedunt.
702 1897 754 1962 Ex
774 1913 838 1975 quo
857 1893 946 1961 facile
966 1895 1059 1962 intelu'

131 2010 281 2097 ligimus,
311 2029 566 2094 unumquemque
586 2027 692 2076 eorum
715 2023 747 2076 et
766 2008 939 2092 Regiscse
959 2010 1059 2094 appli-

132 2147 229 2210 cate,
247 2127 393 2212 ancujus
410 2127 588 2212 dignitatem
611 2140 713 2210 sperat
733 2125 804 2192 fore
832 2139 867 2191 ut
891 2128 1057 2208 aliquando

132 2257 189 2336 aut
224 2243 304 2328 lpse
323 2258 379 2310 aut
404 2243 461 2310 filii
495 2244 545 2312 sui
575 2245 778 2328 perveniunt,
819 2257 850 2309 et
879 2243 1059 2312 rebellionis

131 2362 299 2445 ancipitem
327 2360 484 2428 fortunam
516 2360 638 2444 lugere.
698 2361 799 2448 Quam
846 2362 1058 2446 periculosum

136 2481 218 2546 enim
238 2481 300 2546 hoc
335 2479 399 2560 sit,
438 2497 584 2564 praesens
614 2479 683 2543 Rex
711 2491 857 2560 expertus
888 2492 948 2546 est.
992 2479 1078 2567 Quia

133 2609 361 2678 tumeamus
399 2609 481 2662 esset
517 2595 551 2660 in
584 2592 764 2662 Britannico
800 2596 908 2680 bello,
941 2595 995 2663 cii
1025 2599 1061 2664 an

137 2709 370 2793 immiscuerat,
402 2723 439 2778 ut
466 2709 552 2778 illius
583 2710 719 2796 aegiorus
757 2712 880 2779 ducam·
912 2713 1061 2782 adversus

137 2825 287 2898 Franciae
307 2843 408 2910 regem
424 2828 568 2912 juvaret,
590 2843 716 2894 mortuo
735 2827 858 2912 hocce,
881 2829 1061 2914 gravissima

138 2943 284 3029 quaestio
299 2958 405 3010 exorta
416 2959 480 3028 est,
503 2958 607 3012 utrum
618 2947 673 3014 hac
684 2948 736 3016 ille
744 2946 918 3015 defectione
939 2965 1062 3016 succes·

104 3087 107 3094 ·
135 3060 238 3130 sionis
257 3064 328 3150 jure
354 3063 522 3147 privandus
544 3077 627 3130 esset
646 3084 702 3132 nec
723 3067 789 3135 ne?
831 3069 876 3136 Ec
903 3065 987 3133 forte
1011 3084 1065 3134 ex·

136 3181 331 3266 spectatione
350 3200 407 3248 sua
422 3181 606 3250 Ludovicus
626 3184 812 3264 cecidisset,
835 3183 898 3248 nisi
922 3175 1064 3262 lugentes

137 3299 210 3381 ejus
230 3316 330 3378 opes,
349 3312 380 3361 et
401 3297 755 3382 Angolismaedo'mini,
772 3295 909 3376 quicum
920 3294 1064 3378 proximo

136 3413 210 3500 jure
232 3407 439 3490 sequebatur,
465 3411 618 3490 infantia,
643 3413 702 3476 alia
727 3409 828 3477 omnia
849 3411 1060 3480 effecissentu

187 3527 328 3614 Tandem
349 3523 473 3591 minime
501 3524 716 3609 negligendum
744 3541 816 3608 est,
846 3529 992 3596 Franciae
1011 3547 1068 3600 no·

139 3635 461 3729 bilespatrirnonium
482 3660 547 3740 non
565 3643 672 3728 aequis
688 3645 830 3728 partibus
845 3645 938 3712 inter
963 3623 1068 3716 haere·

141 3747 198 3830 cles
216 3762 372 3843 dividere,
399 3759 447 3827 uti
465 3759 499 3826 in
523 3759 688 3828 Germania
711 3777 742 3828 et
766 3760 801 3828 in
826 3760 985 3847 plerisque
1005 3763 1068 3832 lta·

139 3875 201 3946 liae
220 3876 362 3962 partibus
383 3875 530 3972 obtinet,
548 3880 604 3947 sed
625 3877 701 3948 filiis
720 3891 796 3946 natu
812 3878 952 3951 maximia
972 3880 1068 3950 rdin-

141 4010 253 4086 puece.
276 3991 404 4065 Hivete
417 3987 666 4070 hamedmsuuta
689 3995 1067 4086 inquinamenta

977 4129 1069 4198 '⁰9⁶9
