2858 5166
414 575 597 660 ...33-

37 743 110 820 'num
136 743 237 822 otium
262 765 450 837 v'conterereg
481 756 537 824 sed
563 773 583 820 a
606 771 679 838 ¹nno
706 733 835 844 incepto
856 756 963 828 studio

38 889 104 938 eum
125 871 209 939 vitae
223 885 302 936 ‘sors
321 871 482 938 detemura
501 869 686 952 videbatur,
711 874 825 940 eodem
840 892 962 964 ¹regrep-

35 1005 112 1062 sus,
142 986 254 1053 statuit
280 986 407 1068 omnia,
437 1005 516 1069 quae
542 1001 597 1054 aut
616 989 735 1072 agendo
755 1003 810 1056 aut
828 989 960 1074 legendo

31 1117 230 1185 perceperat,
253 1103 417 1168 memoriae
439 1105 569 1172 tradere.

66 1219 179 1305 Itaque
195 1221 256 1304 jam
276 1221 442 1286 videndum
463 1234 536 1300 est,
568 1217 685 1304 quibus
704 1218 829 1306 'ingenii
856 1218 961 1288 moni·

29 1335 140 1400 nentis
170 1351 202 1402 et
232 1311 431 1402 solitudinem
462 1355 549 1414 suam
581 1326 808 1420 illustraverit,
838 1355 871 1405 et
898 1337 958 1404 ob·

26 1453 196 1518 scuraverit
216 1451 281 1519 fere
296 1456 476 1530 vitaeante
498 1468 583 1519 actae
607 1454 818 1537 splendorem.
850 1431 889 1522 In
913 1452 954 1522 iia

23 1565 146 1664 libellus
168 1569 221 1636 dol
238 1571 386 1658 Principe
407 1569 547 1652 reliquos
563 1569 663 1636 aetate
672 1570 839 1636 antecedit.
869 1569 955 1654 Hir,

24 1703 85 1764 quo
117 1686 275 1767 consilio,
307 1661 370 1767 qui
401 1685 665 1769 opportunitate,
694 1683 858 1750 confectus
886 1685 956 1774 sit,
998 1667 1001 1674 “

21 1801 249 1884 elegantrssima
264 1799 371 1865 'nobie
400 1799 600 1866 Machiavelli
634 1799 771 1882 epistola
797 1799 952 1883 declarat3

18 1915 46 1982 in
70 1921 139 2000 qul
160 1897 266 1982 amico·
281 1916 322 1982 ita
344 1899 438 1982 uitam
462 1899 606 1997 enarrat,
640 1933 731 1998 quam
760 1933 833 1980 rure
864 1913 952 2000 agit,

17 2050 48 2099 ut
65 2053 132 2100 nos
152 2034 338 2101 suavissimo
350 2035 485 2118 quodam
496 2033 629 2098 detineat
639 2031 792 2099 orationis
802 2027 951 2116 flumine,

17 2168 44 2217 et
65 2153 189 2233 simul,
212 2173 300 2235 ,quae
320 2153 359 2218 de
388 2149 572 2231 viri-indole
587 2147 796 2230 monuimus,
825 2145 952 2231 wegregie

15 2269 180 2334 confirmet
190 2269 259 2356 (1).
282 2267 418 2356 ‘Quodsi
431 2266 510 2334 enim
531 2267 744 2353 percipimus,
764 2259 949 2348 nennqun'm

874 2379 948 2452 Mas

45 2511 87 2578 (r)
108 2511 181 2564 Cum
197 2510 263 2563 aliae
278 2511 315 2564 ob
332 2526 423 2563 causan
442 2512 586 2564 maximam
601 2511 683 2579 hujua
697 2507 828 2576 epistolae
841 2513 948 2577 partem

10 2597 53 2652 lle
81 2599 261 2667 subjicimus:
286 2606 343 2650 tum
364 2601 394 2649 in
419 2601 532 2664 primia,
560 2597 635 2666 quod
663 2598 694 2648 in
718 2597 812 2669 paucis
841 2602 947 2654 iunium

9 2686 187 2740 Machiavelli
205 2685 395 2749 Editionibun,
414 2684 511 2738 Italica
527 2685 635 2754 lingui,
655 2701 780 2752 expressa
796 2691 847 2749 ert·

36 2813 59 2840 „
83 2779 121 2828 10
138 2775 176 2826 mi
192 2781 234 2826 alo
250 2775 279 2824 in
295 2774 377 2838 villa,
389 2776 438 2844 (ila
453 2777 527 2827 inter
543 2773 595 2826 alia
612 2774 646 2826 ad
663 2771 823 2828 Vestorium
833 2773 945 2844 ,Epist

10 2899 28 2929 „
43 2863 175 2927 XXVI,
192 2863 299 2932 acnbil)
317 2881 333 2914 a
349 2862 447 2930 poich&
460 2864 601 2933 aegnirono
618 2864 703 2933 quelli
711 2864 775 2916 mini
791 2863 880 2918 ultimi
895 2880 945 2918 oa·

10 2991 28 3020 ‚,
44 2958 89 3021 ai,
117 2971 174 3005 non
191 2969 257 3004 sono
274 2960 363 3018 elato,
388 2954 421 3004 arl
441 2953 593 3008 accozzarli
610 2955 692 3018 tulli,
719 2955 794 3009 venti
814 2953 841 3008 dl
859 2971 873 3005 a
890 2953 944 3006 Fi.
1048 3017 1052 3024 ι

8 3077 25 3107 ,,
40 3062 142 3098 remae.
175 3043 220 3094 Ho
235 3043 323 3094 inrino
340 3045 420 3114 aqui
437 3045 569 3098 arcellata
586 3043 612 3096 ai
628 3043 702 3096 lordi
719 3043 748 3096 di
767 3045 820 3096 mia
838 3059 941 3110 mano,

9 3165 28 3196 „
44 3131 206 3185 levandomi
223 3131 332 3184 innanzi
348 3131 389 3197 dn
406 3133 575 3200 impaniavo,
595 3132 729 3188 andavane
745 3131 817 3186 ollae
833 3150 884 3185 eon
904 3148 943 3186 nn

8 3253 26 3284 „
41 3223 136 3274 fascio
159 3221 189 3272 di
211 3222 306 3288 gabbio
329 3221 462 3284 aduorso,
491 3223 543 3276 cha
566 3239 667 3290 parevo
689 3221 711 3273 il
739 3221 811 3274 Geta
834 3217 944 3287 quando

9 3343 26 3372 „
42 3318 167 3360 tornava
183 3305 227 3356 dal
243 3313 324 3371 porto
342 3324 392 3360 con
409 3310 420 3358 i
435 3308 501 3360 libri
518 3311 547 3360 di
566 3311 745 3371 Anfitriono,
763 3306 880 3374 pigliavo
900 3305 944 3372 &lq

6 3394 218 3460 munerandae,
239 3392 266 3444 al
282 3393 330 3458 piri
347 3401 415 3442 aelle
432 3396 515 3446 tordi.
551 3399 615 3450 Cori
632 3397 709 3446 nielli
733 3401 806 3446 tullo
830 3402 944 3462 anilem}

7 3519 24 3548 „
40 3489 117 3547 bre,
145 3482 225 3550 dipoi
248 3488 345 3550 questo
375 3480 544 3544 badalanco,
574 3481 722 3536 ancorachi
750 3482 900 3550 dispelloao
927 3501 944 3536 ο
979 3479 982 3488 ’

7 3609 24 3640 ,,
40 3585 165 3638 nirano,
183 3575 199 3626 ὁ
219 3578 343 3624 manento
365 3588 416 3624 oon
429 3571 487 3624 anio
508 3571 671 3638 diapiarere:
699 3591 714 3624 e
736 3572 816 3642 quala
835 3572 864 3624 la
886 3573 944 3652 pila

10 3789 25 3820 „
39 3759 102 3812 mio
123 3755 206 3806 borco
222 3751 272 3805 che
287 3754 316 3804 io
333 3752 361 3803 io
379 3746 505 3820 tagliure,
524 3752 593 3805 dove
610 3760 652 3805 ato
669 3752 721 3804 due
737 3770 786 3806 ora
802 3769 818 3803 a
832 3751 942 3808 riveder

5 3877 27 3908 ¹„
41 3846 160 3912 l'opere
176 3839 221 3891 dal
242 3843 336 3908 giorno
357 3847 483 3908 paratio,
513 3841 547 3892 ed
563 3858 577 3891 a
596 3859 685 3908 palear
703 3849 792 3909 tempo
809 3859 859 3896 oon
877 3843 940 3913 quei

5 3913 27 3997 ’ῃ
41 3932 207 4004 laglialori,
226 3927 274 3982 cha
290 3928 378 3984 hanno
393 3949 498 3998 semper
517 3930 632 4000 qualche
647 3933 765 4002 aciagara
780 3931 833 3988 alla
848 3934 938 4004 mani,

5 4021 231 4100 postulone,
249 4035 266 4072 ο
283 4017 434 4074 eo‘vieini.
699 4029 701 4034 ’
831 4009 833 4016 ’
